@article{121791,
  title   = {A method for registration of 3-D shapes},
  author  = {P. J. {Besl} and N. D. {McKay}},
  year    = 1992,
  journal = {IEEE Trans. on Pattern Analysis and Machine Intelligence (PAMI)}
}
@article{4767965,
  title   = {Least-Squares Fitting of Two 3-D Point Sets},
  author  = {K. S. {Arun} and T. S. {Huang} and S. D. {Blostein}},
  year    = 1987,
  journal = {IEEE Trans. on Pattern Analysis and Machine Intelligence (PAMI)}
}
@inproceedings{achlioptas2018learning,
  title     = {Learning representations and generative models for 3d point clouds},
  author    = {Achlioptas, Panos and Diamanti, Olga and Mitliagkas, Ioannis and Guibas, Leonidas},
  year      = 2018,
  booktitle = {IEEE International Conference on Machine Learning (ICML)}
}
@inproceedings{aoki2019pointnetlk,
  title     = {{PointnetLK}: Robust \& efficient point cloud registration using {Pointnet}},
  author    = {Aoki, Yasuhiro and Goforth, Hunter and Srivatsan, Rangaprasad Arun and Lucey, Simon},
  year      = 2019,
  booktitle = {IEEE Conference on Computer Vision and Pattern Recognition (CVPR)}
}

@article{attal2021torf,
  title   = {{T{\"o}RF}: Time-of-flight radiance fields for dynamic scene view synthesis},
  author  = {Attal, Benjamin and Laidlaw, Eliot and Gokaslan, Aaron and Kim, Changil and Richardt, Christian and Tompkin, James and O'Toole, Matthew},
  year    = 2021,
  journal = {Advances in Neural Information Processing Systems (NeurIPS)}
}
@inproceedings{aygun20214d,
  title     = {4D Panoptic {LiDAR} Segmentation},
  author    = {Aygun, Mehmet and Osep, Aljosa and Weber, Mark and Maximov, Maxim and Stachniss, Cyrill and Behley, Jens and Leal-Taix{\'e}, Laura},
  year      = 2021,
  booktitle = {IEEE Conference on Computer Vision and Pattern Recognition (CVPR)}
}
@inproceedings{bai2020d3feat,
  title     = {D3Feat: Joint Learning of Dense Detection and Description of 3D Local Features},
  author    = {Bai, Xuyang and Luo, Zixin and Zhou, Lei and Fu, Hongbo and Quan, Long and Tai, Chiew-Lan},
  year      = 2020,
  booktitle = {IEEE Conference on Computer Vision and Pattern Recognition (CVPR)}
}
@article{baidusim,
  title   = {Augmented {LiDAR} simulator for autonomous driving},
  author  = {Fang, Jin and Zhou, Dingfu and Yan, Feilong and Zhao, Tongtong and Zhang, Feihu and Ma, Yu and Wang, Liang and Yang, Ruigang},
  year    = 2020,
  journal = {IEEE Robotics and Automation Letters (RA-L)},
}
@inproceedings{barron2021mip,
  title     = {{Mip-NeRF}: A multiscale representation for anti-aliasing neural radiance fields},
  author    = {Barron, Jonathan T and Mildenhall, Ben and Tancik, Matthew and Hedman, Peter and Martin-Brualla, Ricardo and Srinivasan, Pratul P},
  year      = 2021,
  booktitle = {IEEE Conference on Computer Vision and Pattern Recognition (CVPR)}
}
@inproceedings{barron2022mip,
  title     = {{Mip-NeRF} 360: Unbounded anti-aliased neural radiance fields},
  author    = {Barron, Jonathan T and Mildenhall, Ben and Verbin, Dor and Srinivasan, Pratul P and Hedman, Peter},
  year      = 2022,
  booktitle = {IEEE Conference on Computer Vision and Pattern Recognition (CVPR)}
}
@inproceedings{barron2023zipnerf,
  title     = {Zip-NeRF: Anti-Aliased Grid-Based Neural Radiance Fields},
  author    = {Jonathan T. Barron and Ben Mildenhall and Dor Verbin and Pratul P. Srinivasan and Peter Hedman},
  year      = 2023,
  booktitle = {IEEE International Conference on Computer Vision (ICCV)}
}
@inproceedings{baur2021slim,
  title     = {{SLIM}: Self-Supervised {LiDAR} Scene Flow and Motion Segmentation},
  author    = {Baur, Stefan Andreas and Emmerichs, David Josef and Moosmann, Frank and Pinggera, Peter and Ommer, Bjorn and Geiger, Andreas},
  year      = 2021,
  booktitle = {IEEE International Conference on Computer Vision (ICCV)}
}
@inproceedings{behl2019pointflownet,
  title     = {{PointFlowNet}: Learning representations for rigid motion estimation from point clouds},
  author    = {Behl, Aseem and Paschalidou, Despoina and Donn{\'e}, Simon and Geiger, Andreas},
  year      = 2019,
  booktitle = {IEEE Conference on Computer Vision and Pattern Recognition (CVPR)}
}
@inproceedings{behley2019semantickitti,
  title     = {{SemanticKITTI}: A dataset for semantic scene understanding of lidar sequences},
  author    = {Behley, Jens and Garbade, Martin and Milioto, Andres and Quenzel, Jan and Behnke, Sven and Stachniss, Cyrill and Gall, Jurgen},
  year      = 2019,
  booktitle = {IEEE International Conference on Computer Vision (ICCV)}
}
@inproceedings{bengio2009curriculum,
  title     = {Curriculum learning},
  author    = {Bengio, Yoshua and Louradour, J{\'e}r{\^o}me and Collobert, Ronan and Weston, Jason},
  year      = 2009,
  booktitle = {IEEE International Conference on Machine Learning (ICML)}
}
@inproceedings{berman2018lovasz,
  title     = {The {Lov{\'a}sz-Softmax} loss: A tractable surrogate for the optimization of the intersection-over-union measure in neural networks},
  author    = {Berman, Maxim and Triki, Amal Rannen and Blaschko, Matthew B},
  year      = 2018,
  booktitle = {IEEE Conference on Computer Vision and Pattern Recognition (CVPR)}
}
@inproceedings{besl1992method,
  title        = {Method for registration of 3-D shapes},
  author       = {Besl, Paul J and McKay, Neil D},
  year         = 1992,
  booktitle    = {Sensor fusion IV: control paradigms and data structures},
  volume       = 1611,
  pages        = {586--606},
  organization = {International Society for Optics and Photonics}
}
@inproceedings{bijelic2020seeing,
  title     = {Seeing through fog without seeing fog: Deep multimodal sensor fusion in unseen adverse weather},
  author    = {Bijelic, Mario and Gruber, Tobias and Mannan, Fahim and Kraus, Florian and Ritter, Werner and Dietmayer, Klaus and Heide, Felix},
  year      = 2020,
  booktitle = {IEEE Conference on Computer Vision and Pattern Recognition (CVPR)}
}
@inproceedings{boss2021nerd,
  title     = {{NeRD}: Neural reflectance decomposition from image collections},
  author    = {Boss, Mark and Braun, Raphael and Jampani, Varun and Barron, Jonathan T and Liu, Ce and Lensch, Hendrik},
  year      = 2021,
  booktitle = {IEEE Conference on Computer Vision and Pattern Recognition (CVPR)}
}
@inproceedings{caccia2019deep,
  title     = {Deep generative modeling of {LiDAR} data},
  author    = {Caccia, Lucas and Van Hoof, Herke and Courville, Aaron and Pineau, Joelle},
  year      = 2019,
  booktitle = {IEEE/RSJ Intl. Conference on Intelligent Robots and Systems (IROS)}
}
@inproceedings{caesar2020nuscenes,
  title     = {{nuScenes}: A multimodal dataset for autonomous driving},
  author    = {Caesar, Holger and Bankiti, Varun and Lang, Alex H and Vora, Sourabh and Liong, Venice Erin and Xu, Qiang and Krishnan, Anush and Pan, Yu and Baldan, Giancarlo and Beijbom, Oscar},
  year      = 2020,
  booktitle = {IEEE Conference on Computer Vision and Pattern Recognition (CVPR)}
}
@techreport{carlsson2001signature,
  title       = {Signature simulation and signal analysis for 3-D laser radar},
  author      = {Carlsson, Tomas and Steinvall, Ove and Letalick, Dietmar},
  year        = 2001,
  institution = {Swedish Defence Research Agency}
}
@inproceedings{chabra2020deep,
  title     = {Deep local shapes: Learning local {SDF} priors for detailed 3d reconstruction},
  author    = {Chabra, Rohan and Lenssen, Jan E and Ilg, Eddy and Schmidt, Tanner and Straub, Julian and Lovegrove, Steven and Newcombe, Richard},
  year      = 2020,
  booktitle = {European Conference on Computer Vision (ECCV)}
}

@article{chang2015shapenet,
  title   = {{ShapeNet}: An information-rich 3d model repository},
  author  = {Chang, Angel X and Funkhouser, Thomas and Guibas, Leonidas and Hanrahan, Pat and Huang, Qixing and Li, Zimo and Savarese, Silvio and Savva, Manolis and Song, Shuran and Su, Hao and others},
  year    = 2015,
  journal = {arXiv preprint arXiv:1512.03012}
}
@inproceedings{chang2019argoverse,
  title     = {Argoverse: 3d tracking and forecasting with rich maps},
  author    = {Chang, Ming-Fang and Lambert, John and Sangkloy, Patsorn and Singh, Jagjeet and Bak, Slawomir and Hartnett, Andrew and Wang, De and Carr, Peter and Lucey, Simon and Ramanan, Deva and others},
  year      = 2019,
  booktitle = {IEEE Conference on Computer Vision and Pattern Recognition (CVPR)}
}
@article{chen2016dynamic,
  title     = {Dynamic occlusion detection and inpainting of in situ captured terrestrial laser scanning point clouds sequence},
  author    = {Chen, Chi and Yang, Bisheng},
  year      = 2016,
  journal   = {ISPRS Journal of Photogrammetry and Remote Sensing}
}
@inproceedings{chen2019learning,
  title     = {Learning implicit fields for generative shape modeling},
  author    = {Chen, Zhiqin and Zhang, Hao},
  year      = 2019,
  booktitle = {IEEE Conference on Computer Vision and Pattern Recognition (CVPR)}
}
@article{chen2019mmdetection,
  title   = {{MMDetection}: Open mmlab detection toolbox and benchmark},
  author  = {Chen, Kai and Wang, Jiaqi and Pang, Jiangmiao and Cao, Yuhang and Xiong, Yu and Li, Xiaoxiao and Sun, Shuyang and Feng, Wansen and Liu, Ziwei and Xu, Jiarui and others},
  year    = 2019,
  journal = {arXiv preprint arXiv:1906.07155}
}
@article{chen2021ral,
  title   = {Moving Object Segmentation in {3D} {LiDAR} Data: A Learning-based Approach Exploiting Sequential Data},
  author  = {X. Chen and S. Li and B. Mersch and L. Wiesmann and J. Gall and J. Behley and C. Stachniss},
  year    = 2021,
  journal = {IEEE Robotics and Automation Letters (RA-L)}
}
@article{chng2022garf,
  title   = {{GARF}: Gaussian Activated Radiance Fields for High Fidelity Reconstruction and Pose Estimation},
  author  = {Chng, Shin-Fang and Ramasinghe, Sameera and Sherrah, Jamie and Lucey, Simon},
  year    = 2022,
  journal = {arXiv preprint arXiv:2204.05735}
}
@inproceedings{choi2015robust,
  title     = {Robust reconstruction of indoor scenes},
  author    = {Choi, Sungjoon and Zhou, Qian-Yi and Koltun, Vladlen},
  year      = 2015,
  booktitle = {IEEE Conference on Computer Vision and Pattern Recognition (CVPR)}
}
@inproceedings{choy20194d,
  title     = {4d spatio-temporal convnets: Minkowski convolutional neural networks},
  author    = {Choy, Christopher and Gwak, JunYoung and Savarese, Silvio},
  year      = 2019,
  booktitle = {IEEE Conference on Computer Vision and Pattern Recognition (CVPR)}
}
@inproceedings{Choy2019FCGF,
  title     = {Fully Convolutional Geometric Features},
  author    = {Choy, Christopher and Park, Jaesik and Koltun, Vladlen},
  year      = 2019,
  booktitle = {IEEE International Conference on Computer Vision (ICCV)}
}
@inproceedings{choy2019Minkowski,
  title     = {4D Spatio-Temporal ConvNets: Minkowski Convolutional Neural Networks},
  author    = {Choy, Christopher and Gwak, JunYoung and Savarese, Silvio},
  year      = 2019,
  booktitle = {IEEE Conference on Computer Vision and Pattern Recognition (CVPR)}
}
@inproceedings{choy2020deep,
  title     = {Deep Global Registration},
  author    = {Choy, Christopher and Dong, Wei and Koltun, Vladlen},
  year      = 2020,
  booktitle = {IEEE Conference on Computer Vision and Pattern Recognition (CVPR)}
}
@inproceedings{cortinhal2020salsanext,
  title     = {{SalsaNext}: Fast, uncertainty-aware semantic segmentation of LiDAR point clouds},
  author    = {Cortinhal, Tiago and Tzelepis, George and Aksoy, Eren Erdal},
  year      = 2020,
  booktitle = {International Symposium on Visual Computing}
}
@inproceedings{curless1996volumetric,
  title     = {A volumetric method for building complex models from range images},
  author    = {Curless, Brian and Levoy, Marc},
  year      = 1996,
  booktitle = {ACM SIGGRAPH}
}
@article{cuturi2013sinkhorn,
  title   = {Sinkhorn distances: Lightspeed computation of optimal transport},
  author  = {Cuturi, Marco},
  year    = 2013,
  journal = {Advances in Neural Information Processing Systems (NeurIPS)}
}
@article{delecki2022we,
  title   = {How Do We Fail? Stress Testing Perception in Autonomous Vehicles},
  author  = {Delecki, Harrison and Itkina, Masha and Lange, Bernard and Senanayake, Ransalu and Kochenderfer, Mykel J},
  year    = 2022,
  journal = {arXiv preprint arXiv:2203.14155}
}
@article{dendorfer2021motchallenge,
  title   = {{MOTchallenge}: A benchmark for single-camera multiple target tracking},
  author  = {Dendorfer, Patrick and Osep, Aljosa and Milan, Anton and Schindler, Konrad and Cremers, Daniel and Reid, Ian and Roth, Stefan and Leal-Taix{\'e}, Laura},
  year    = 2021,
  journal = {International Journal of Computer Vision (IJCV)}
}
@inproceedings{Deng2018PPFFoldNetUL,
  title     = {{PPF-FoldNet}: Unsupervised Learning of Rotation Invariant 3D Local Descriptors},
  author    = {Haowen Deng and Tolga Birdal and Slobodan Ilic},
  year      = 2018,
  booktitle = {European Conference on Computer Vision (ECCV)}
}
@inproceedings{deng2018ppfnet,
  title     = {PPFNnet: Global context aware local features for robust 3d point matching},
  author    = {Deng, Haowen and Birdal, Tolga and Ilic, Slobodan},
  year      = 2018,
  booktitle = {IEEE Conference on Computer Vision and Pattern Recognition (CVPR)}
}
@article{deng2021depth,
  title   = {Depth-supervised {NeRF}: Fewer views and faster training for free},
  author  = {Deng, Kangle and Liu, Andrew and Zhu, Jun-Yan and Ramanan, Deva},
  year    = 2021,
  journal = {arXiv preprint arXiv:2107.02791}
}
@inproceedings{detone2018superpoint,
  title     = {Superpoint: Self-supervised interest point detection and description},
  author    = {DeTone, Daniel and Malisiewicz, Tomasz and Rabinovich, Andrew},
  year      = 2018,
  booktitle = {The IEEE Conference on Computer Vision and Pattern Recognition (CVPR) Workshops}
}
@inproceedings{dewan2016rigid,
  title     = {Rigid scene flow for 3d lidar scans},
  author    = {Dewan, Ayush and Caselitz, Tim and Tipaldi, Gian Diego and Burgard, Wolfram},
  year      = 2016,
  booktitle = {IEEE/RSJ Intl. Conference on Intelligent Robots and Systems (IROS)}
}
@inproceedings{dosovitskiy2015flownet,
  title     = {{FlowNet}: Learning optical flow with convolutional networks},
  author    = {Dosovitskiy, Alexey and Fischer, Philipp and Ilg, Eddy and Hausser, Philip and Hazirbas, Caner and Golkov, Vladimir and Van Der Smagt, Patrick and Cremers, Daniel and Brox, Thomas},
  year      = 2015,
  booktitle = {IEEE International Conference on Computer Vision (ICCV)}
}
@inproceedings{dosovitskiy2017carla,
  title        = {{CARLA}: An open urban driving simulator},
  author       = {Dosovitskiy, Alexey and Ros, German and Codevilla, Felipe and Lopez, Antonio and Koltun, Vladlen},
  year         = 2017,
  booktitle    = {Conference on Robot Learning (CoRL)},
}
@inproceedings{dusmanu2019d2Net,
  title     = {{D2-Net}: A Trainable {CNN} for Joint Detection and Description of Local Features},
  author    = {Dusmanu, Mihai and Rocco, Ignacio and Pajdla, Tomas and Pollefeys, Marc and Sivic, Josef and Torii, Akihiko and Sattler, Torsten},
  year      = 2019,
  booktitle = {IEEE Conference on Computer Vision and Pattern Recognition (CVPR)}
}
@inproceedings{ester1996density,
  title     = {A density-based algorithm for discovering clusters in large spatial databases with noise.},
  author    = {Ester, Martin and Kriegel, Hans-Peter and Sander, J{\"o}rg and Xu, Xiaowei and others},
  year      = 1996,
  booktitle = {Proc.\ KDD}
}
@inproceedings{fan2020pstnet,
  title     = {{PSTNet}: Point spatio-temporal convolution on point cloud sequences},
  author    = {Fan, Hehe and Yu, Xin and Ding, Yuhang and Yang, Yi and Kankanhalli, Mohan},
  year      = 2020,
  booktitle = {International Conference on Learning Representations (ICLR)}
}
@inproceedings{fan2021point,
  title     = {Point 4D Transformer Networks for Spatio-Temporal Modeling in Point Cloud Videos},
  author    = {Fan, Hehe and Yang, Yi and Kankanhalli, Mohan},
  year      = 2021,
  booktitle = {IEEE Conference on Computer Vision and Pattern Recognition (CVPR)}
}
@article{fan2021rangedet,
  title   = {Rangedet: In defense of range view for lidar-based 3d object detection},
  author  = {Fan, Lue and Xiong, Xuan and Wang, Feng and Wang, Naiyan and Zhang, Zhaoxiang},
  year    = 2021,
  journal = {arXiv preprint arXiv:2103.10039}
}
@inproceedings{filatov2020any,
  title     = {Any motion detector: Learning class-agnostic scene dynamics from a sequence of lidar point clouds},
  author    = {Filatov, Artem and Rykov, Andrey and Murashkin, Viacheslav},
  year      = 2020,
  booktitle = {IEEE International Conference on Robotics and Automation (ICRA)}
}
@article{fruhwirth2021fast3d,
  title   = {{FAST3D}: Flow-Aware Self-Training for 3D Object Detectors},
  author  = {Fruhwirth-Reisinger, Christian and Opitz, Michael and Possegger, Horst and Bischof, Horst},
  year    = 2021,
  journal = {arXiv preprint arXiv:2110.09355}
}
@inproceedings{geiger2012kitti,
  title     = {Are we ready for autonomous driving? the kitti vision benchmark suite},
  author    = {Geiger, Andreas and Lenz, Philip and Urtasun, Raquel},
  year      = 2012,
  booktitle = {IEEE Conference on Computer Vision and Pattern Recognition (CVPR)}
}
@inproceedings{geiger2012we,
  title        = {Are we ready for autonomous driving? the kitti vision benchmark suite},
  author       = {Geiger, Andreas and Lenz, Philip and Urtasun, Raquel},
  year         = 2012,
  booktitle    = {IEEE Conference on Computer Vision and Pattern Recognition (CVPR)},
}
@inproceedings{giancola2019leveraging,
  title     = {Leveraging shape completion for 3d siamese tracking},
  author    = {Giancola, Silvio and Zarzar, Jesus and Ghanem, Bernard},
  year      = 2019,
  booktitle = {IEEE Conference on Computer Vision and Pattern Recognition (CVPR)}
}
@inproceedings{gilmer2017neural,
  title     = {Neural Message Passing for Quantum Chemistry},
  author    = {Gilmer, Justin and Schoenholz, Samuel S and Riley, Patrick F and Vinyals, Oriol and Dahl, George E},
  year      = 2017,
  booktitle = {IEEE International Conference on Machine Learning (ICML)}
}
@article{glennie2012calibration,
  title   = {Calibration and kinematic analysis of the {Velodyne} {HDL-64E} {S2} lidar sensor},
  author  = {Glennie, Craig},
  year    = 2012,
  journal = {Photogrammetric Engineering \& Remote Sensing},
  volume  = 78,
  number  = 4,
  pages   = {339--347}
}
@inproceedings{gojcic2018learned,
  title     = {Learned compact local feature descriptor for {TLS}-based geodetic monitoring of natural outdoor scenes.},
  author    = {Gojcic, Zan and Zhou, Caifa and Wieser, Andreas},
  year      = 2018,
  booktitle = {ISPRS Annals}
}
@inproceedings{gojcic20193DSmoothNet,
  title     = {The perfect match: 3d point cloud matching with smoothed densities},
  author    = {Gojcic, Zan and Zhou, Caifa and Wegner, Jan D and Wieser, Andreas},
  year      = 2019,
  booktitle = {IEEE Conference on Computer Vision and Pattern Recognition (CVPR)}
}
@inproceedings{gojcic2020learning,
  title     = {Learning multiview 3D point cloud registration},
  author    = {Gojcic, Zan and Zhou, Caifa and Wegner, Jan D and Guibas, Leonidas J and Birdal, Tolga},
  year      = 2020,
  booktitle = {IEEE Conference on Computer Vision and Pattern Recognition (CVPR)}
}
@inproceedings{gojcic2020multiview,
  title     = {Learning multiview 3d point cloud registration},
  author    = {Gojcic, Zan and Zhou, Caifa and Wegner, Jan D and Guibas, Leonidas J and Birdal, Tolga},
  year      = 2020,
  booktitle = {IEEE Conference on Computer Vision and Pattern Recognition (CVPR)}
}
@inproceedings{gojcic2021weakly,
  title     = {Weakly Supervised Learning of Rigid 3D Scene Flow},
  author    = {Gojcic, Zan and Litany, Or and Wieser, Andreas and Guibas, Leonidas J and Birdal, Tolga},
  year      = 2021,
  booktitle = {IEEE Conference on Computer Vision and Pattern Recognition (CVPR)}
}
@inproceedings{gojcic2021weakly_reb,
  title     = {Weakly Supervised Learning of Rigid 3D Scene Flow},
  author    = {Gojcic et al},
  year      = 2021,
  booktitle = {IEEE Conference on Computer Vision and Pattern Recognition (CVPR)}
}
@inproceedings{graham20183d,
  title     = {3d semantic segmentation with submanifold sparse convolutional networks},
  author    = {Graham, Benjamin and Engelcke, Martin and Van Der Maaten, Laurens},
  year      = 2018,
  booktitle = {IEEE Conference on Computer Vision and Pattern Recognition (CVPR)}
}
@inproceedings{gross2019alignnet,
  title     = {{AlignNet-3D}: Fast point cloud registration of partially observed objects},
  author    = {Gro{\ss}, Johannes and O{\v{s}}ep, Aljo{\v{s}}a and Leibe, Bastian},
  year      = 2019,
  booktitle = {IEEE International conference on 3D vision (3DV)}
}
@inproceedings{gu2020weakly,
  title     = {Weakly-supervised 3D Shape Completion in the Wild},
  author    = {Gu, Jiayuan and Ma, Wei-Chiu and Manivasagam, Sivabalan and Zeng, Wenyuan and Wang, Zihao and Xiong, Yuwen and Su, Hao and Urtasun, Raquel},
  year      = 2020,
  booktitle = {European Conference on Computer Vision (ECCV)}
}
@inproceedings{guillard2022learning,
  title     = {Learning to Simulate Realistic {LiDARs}},
  author    = {Guillard, Benoit and Vemprala, Sai and Gupta, Jayesh K and Miksik, Ondrej and Vineet, Vibhav and Fua, Pascal and Kapoor, Ashish},
  year      = 2022,
  booktitle = {IEEE/RSJ Intl. Conference on Intelligent Robots and Systems (IROS)}
}
@inproceedings{guo2014performanceEvaluation,
  title     = {Performance evaluation of 3{D} local feature descriptors},
  author    = {Guo, Yulan and Bennamoun, Mohammed and Sohel, Ferdous and Lu, Min and Wan, Jianwei and Zhang, Jun},
  year      = 2014,
  booktitle = {Asian Conference on Computer Vision (ACCV)}
}
@article{hackel2020inference,
  title     = {Inference, Learning and Attention Mechanisms that Exploit and Preserve Sparsity in {CNNs}},
  author    = {Hackel, Timo and Usvyatsov, Mikhail and Galliani, Silvano and Wegner, Jan D and Schindler, Konrad},
  year      = 2020,
  journal   = {International Journal of Computer Vision (IJCV)}
}
@inproceedings{hahner2021fog,
  title     = {Fog Simulation on Real {LiDAR} Point Clouds for 3D Object Detection in Adverse Weather},
  author    = {Hahner, Martin and Sakaridis, Christos and Dai, Dengxin and {Van Gool}, Luc},
  year      = 2021,
  booktitle = {IEEE Conference on Computer Vision and Pattern Recognition (CVPR)}
}
@inproceedings{hahner2022lidar,
  title     = {LiDAR Snowfall Simulation for Robust 3D Object Detection},
  author    = {Hahner, Martin and Sakaridis, Christos and Bijelic, Mario and Heide, Felix and Yu, Fisher and Dai, Dengxin and Van Gool, Luc},
  year      = 2022,
  booktitle = {IEEE Conference on Computer Vision and Pattern Recognition (CVPR)}
}
}
@article{Halber2016StructuredGR,
  title   = {Structured Global Registration of {RGB-D} Scans in Indoor Environments},
  author  = {Maciej Halber and Thomas A. Funkhouser},
  year    = 2016,
  journal = {arXiv preprint arXiv:1607.08539}
}
@article{harvey2015modeling,
  title   = {Modeling physical optics phenomena by complex ray tracing},
  author  = {Harvey, James E and Irvin, Ryan G and Pfisterer, Richard N},
  year    = 2015,
  journal = {Optical Engineering},
  volume  = 54,
  number  = 3,
  pages   = {035105}
}
@inproceedings{he2016deep,
  title     = {Deep residual learning for image recognition},
  author    = {He, Kaiming and Zhang, Xiangyu and Ren, Shaoqing and Sun, Jian},
  year      = 2016,
  booktitle = {IEEE Conference on Computer Vision and Pattern Recognition (CVPR)}
}
@inproceedings{hu2020randla,
  title     = {{RandLA-Net}: Efficient semantic segmentation of large-scale point clouds},
  author    = {Hu, Qingyong and Yang, Bo and Xie, Linhai and Rosa, Stefano and Guo, Yulan and Wang, Zhihua and Trigoni, Niki and Markham, Andrew},
  year      = 2020,
  booktitle = {IEEE Conference on Computer Vision and Pattern Recognition (CVPR)}
}
@article{hu2021sqn,
  title   = {{SQN}: Weakly-Supervised Semantic Segmentation of Large-Scale 3D Point Clouds with 1000x Fewer Labels},
  author  = {Hu, Qingyong and Yang, Bo and Fang, Guangchi and Guo, Yulan and Leonardis, Ales and Trigoni, Niki and Markham, Andrew},
  year    = 2021,
  journal = {arXiv preprint arXiv:2104.04891}
}
@inproceedings{huang2021multibodysync,
  title     = {{MultiBodySync}: Multi-body segmentation and motion estimation via 3d scan synchronization},
  author    = {Huang, Jiahui and Wang, He and Birdal, Tolga and Sung, Minhyuk and Arrigoni, Federica and Hu, Shi-Min and Guibas, Leonidas J},
  year      = 2021,
  booktitle = {IEEE Conference on Computer Vision and Pattern Recognition (CVPR)}
}
@inproceedings{huang2021predator,
  title     = {Predator: Registration of 3d point clouds with low overlap},
  author    = {Huang, Shengyu and Gojcic, Zan and Usvyatsov, Mikhail and Wieser, Andreas and Schindler, Konrad},
  year      = 2021,
  booktitle = {IEEE Conference on Computer Vision and Pattern Recognition (CVPR)}
}
@inproceedings{huang2022dynamic,
  title     = {Dynamic 3D Scene Analysis by Point Cloud Accumulation},
  author    = {Huang, Shengyu and Gojcic, Zan and Huang, Jiahui and Wieser, Andreas and Schindler, Konrad},
  year      = 2022,
  booktitle = {European Conference on Computer Vision (ECCV)}
}
@article{huang2022multiway,
  title   = {Multiway non-rigid point cloud registration via learned functional map synchronization},
  author  = {Huang, Jiahui and Birdal, Tolga and Gojcic, Zan and Guibas, Leonidas J and Hu, Shi-Min},
  year    = 2022,
  journal = {IIEEE Trans. on Pattern Analysis and Machine Intelligence (PAMI)}
}
@inproceedings{hur2021self,
  title     = {Self-Supervised Multi-Frame Monocular Scene Flow},
  author    = {Hur, Junhwa and Roth, Stefan},
  year      = 2021,
  booktitle = {IEEE Conference on Computer Vision and Pattern Recognition (CVPR)}
}
@article{ichnowski2021dex,
  title   = {{Dex-NeRF}: Using a Neural Radiance Field to Grasp Transparent Objects},
  author  = {Ichnowski, Jeffrey and Avigal, Yahav and Kerr, Justin and Goldberg, Ken},
  year    = 2021,
  journal = {arXiv preprint arXiv:2110.14217}
}
@inproceedings{ioffe2015batch,
  title     = {Batch normalization: Accelerating deep network training by reducing internal covariate shift},
  author    = {Ioffe, Sergey and Szegedy, Christian},
  year      = 2015,
  booktitle = {IEEE International Conference on Machine Learning (ICML)}
}
@inproceedings{jiang2020pointgroup,
  title     = {Pointgroup: Dual-set point grouping for 3d instance segmentation},
  author    = {Jiang, Li and Zhao, Hengshuang and Shi, Shaoshuai and Liu, Shu and Fu, Chi-Wing and Jia, Jiaya},
  year      = 2020,
  booktitle = {IEEE Conference on Computer Vision and Pattern Recognition (CVPR)}
}
@article{johnson1999,
  title   = {Using  spin  images  for  efficient  object recognition in cluttered 3D scenes},
  author  = {A.E. Johnson and M. Hebert},
  year    = 1999,
  journal = {IEEE Trans. on Pattern Analysis and Machine Intelligence (PAMI)}
}
@article{jund2021scalable,
  title   = {Scalable Scene Flow from Point Clouds in the Real World},
  author  = {Jund, Philipp and Sweeney, Chris and Abdo, Nichola and Chen, Zhifeng and Shlens, Jonathon},
  year    = 2021,
  journal = {arXiv preprint arXiv:2103.01306}
}
@article{kabsch1976solution,
  title     = {A solution for the best rotation to relate two sets of vectors},
  author    = {Kabsch, Wolfgang},
  year      = 1976,
  journal   = {Acta Crystallographica Section A: Crystal Physics, Diffraction, Theoretical and General Crystallography},
  publisher = {International Union of Crystallography},
  volume    = 32,
  number    = 5,
  pages     = {922--923}
}
@inproceedings{karras2019style,
  title     = {A style-based generator architecture for generative adversarial networks},
  author    = {Karras, Tero and Laine, Samuli and Aila, Timo},
  year      = 2019,
  booktitle = {IEEE Conference on Computer Vision and Pattern Recognition (CVPR)}
}
@article{kashani2015review,
  title   = {A review of {LiDAR} radiometric processing: From ad hoc intensity correction to rigorous radiometric calibration},
  author  = {Kashani, Alireza G and Olsen, Michael J and Parrish, Christopher E and Wilson, Nicholas},
  year    = 2015,
  journal = {Sensors},
  volume  = 15,
  number  = 11,
  pages   = {28099--28128}
}
@inproceedings{kazhdan2006poisson,
  title     = {Poisson surface reconstruction},
  author    = {Kazhdan, Michael and Bolitho, Matthew and Hoppe, Hugues},
  year      = 2006,
  booktitle = {Eurographics}
}
@inproceedings{kendall2015posenet,
  title     = {Posenet: A convolutional network for real-time 6-dof camera relocalization},
  author    = {Kendall, Alex and Grimes, Matthew and Cipolla, Roberto},
  year      = 2015,
  booktitle = {IEEE Conference on Computer Vision and Pattern Recognition (CVPR)}
}
@inproceedings{khoury2017CGF,
  title     = {Learning compact geometric features},
  author    = {Khoury, Marc and Zhou, Qian-Yi and Koltun, Vladlen},
  year      = 2017,
  booktitle = {IEEE International Conference on Computer Vision (ICCV)}
}
@article{kilic2021lidar,
  title   = {Lidar Light Scattering Augmentation ({LISA}): Physics-based Simulation of Adverse Weather Conditions for 3D Object Detection},
  author  = {Kilic, Velat and Hegde, Deepti and Sindagi, Vishwanath and Cooper, A Brinton and Foster, Mark A and Patel, Vishal M},
  year    = 2021,
  journal = {arXiv preprint arXiv:2107.07004}
}
@inproceedings{kim2020remove,
  title     = {Remove, then revert: Static point cloud map construction using multiresolution range images},
  author    = {Kim, Giseop and Kim, Ayoung},
  year      = 2020,
  booktitle = {IEEE/RSJ Intl. Conference on Intelligent Robots and Systems (IROS)}
}
@inproceedings{kim2021setvae,
  title     = {{SetVAE}: Learning hierarchical composition for generative modeling of set-structured data},
  author    = {Kim, Jinwoo and Yoo, Jaehoon and Lee, Juho and Hong, Seunghoon},
  year      = 2021,
  booktitle = {IEEE Conference on Computer Vision and Pattern Recognition (CVPR)}
}
@inproceedings{kingma2014adam,
  title     = {Adam: A method for stochastic optimization},
  author    = {Kingma, Diederik P and Ba, Jimmy},
  year      = 2014,
  booktitle = {International Conference on Learning Representations (ICLR)}
}
@inproceedings{kipf2016semi,
  title     = {Semi-supervised classification with graph convolutional networks},
  author    = {Kipf, Thomas N and Welling, Max},
  year      = 2017,
  booktitle = {International Conference on Learning Representations (ICLR)}
}
@article{klenk2022nerf,
  title   = {{E-NeRF}: Neural Radiance Fields from a Moving Event Camera},
  author  = {Klenk, Simon and Koestler, Lukas and Scaramuzza, Davide and Cremers, Daniel},
  year    = 2022,
  journal = {arXiv preprint arXiv:2208.11300}
}
@inproceedings{koenig2004design,
  title     = {Design and use paradigms for gazebo, an open-source multi-robot simulator},
  author    = {Koenig, Nathan and Howard, Andrew},
  year      = 2004,
  booktitle = {IEEE/RSJ Intl. Conference on Intelligent Robots and Systems (IROS)}
}
@article{kuhn1955hungarian,
  title   = {The Hungarian method for the assignment problem},
  author  = {Kuhn, Harold W},
  year    = 1955,
  journal = {Naval research logistics quarterly}
}
@article{kurup2021dsor,
  title   = {{DSOR}: A Scalable Statistical Filter for Removing Falling Snow from {LiDAR} Point Clouds in Severe Winter Weather},
  author  = {Kurup, Akhil and Bos, Jeremy},
  year    = 2021,
  journal = {arXiv preprint arXiv:2109.07078}
}
@inproceedings{lahoud20193d,
  title     = {3d instance segmentation via multi-task metric learning},
  author    = {Lahoud, Jean and Ghanem, Bernard and Pollefeys, Marc and Oswald, Martin R},
  year      = 2019,
  booktitle = {IEEE International Conference on Computer Vision (ICCV)}
}
@inproceedings{lai2014unsupervised,
  title     = {Unsupervised feature learning for 3d scene labeling},
  author    = {Lai, Kevin and Bo, Liefeng and Fox, Dieter},
  year      = 2014,
  booktitle = {IEEE International Conference on Robotics and Automation (ICRA)}
}
@inproceedings{li2019pu,
  title     = {{PU-GAN}: a point cloud upsampling adversarial network},
  author    = {Li, Ruihui and Li, Xianzhi and Fu, Chi-Wing and Cohen-Or, Daniel and Heng, Pheng-Ann},
  year      = 2019,
  booktitle = {IEEE International Conference on Computer Vision (ICCV)}
}
@inproceedings{li2019usip,
  title     = {Usip: Unsupervised stable interest point detection from 3d point clouds},
  author    = {Li, Jiaxin and Lee, Gim Hee},
  year      = 2019,
  booktitle = {IEEE Conference on Computer Vision and Pattern Recognition (CVPR)}
}
@article{li2020dual,
  title   = {Dual-resolution correspondence networks},
  author  = {Li, Xinghui and Han, Kai and Li, Shuda and Prisacariu, Victor Adrian},
  year    = 2020,
  journal = {Advances in Neural Information Processing Systems (NeurIPS)}
}
@inproceedings{li2021hcrf,
  title     = {{HCRF-Flow}: Scene Flow from Point Clouds with Continuous High-order CRFs and Position-aware Flow Embedding},
  author    = {Li, Ruibo and Lin, Guosheng and He, Tong and Liu, Fayao and Shen, Chunhua},
  year      = 2021,
  booktitle = {IEEE Conference on Computer Vision and Pattern Recognition (CVPR)}
}
@article{li2021neural,
  title   = {Neural Scene Flow Prior},
  author  = {Li, Xueqian and Kaesemodel Pontes, Jhony and Lucey, Simon},
  year    = 2021,
  journal = {Advances in Neural Information Processing Systems (NeurIPS)}
}
@inproceedings{li2021self,
  title     = {Self-Point-Flow: Self-Supervised Scene Flow Estimation from Point Clouds with Optimal Transport and Random Walk},
  author    = {Li, Ruibo and Lin, Guosheng and Xie, Lihua},
  year      = 2021,
  booktitle = {IEEE Conference on Computer Vision and Pattern Recognition (CVPR)}
}
@article{li2022dataset,
  title   = {Multi-Modal Lidar Dataset for Benchmarking General-Purpose Localization and Mapping Algorithms},
  author  = {Li, Qingqing and  Yu, Xianjia and Pe{\~n}a Queralta, Jorge and Westerlund, Tomi},
  year    = 2022,
  journal = {arXiv preprint arXiv:2203.03454}
}
@article{lim2003lidar,
  title     = {LiDAR remote sensing of forest structure},
  author    = {Lim, Kevin and Treitz, Paul and Wulder, Michael and St-Onge, Beno{\^\i}t and Flood, Martin},
  year      = 2003,
  journal   = {Progress in physical geography},
  publisher = {Sage Publications Sage CA: Thousand Oaks, CA},
  volume    = 27,
  number    = 1,
  pages     = {88--106}
}
@article{lim2003lidar_reb,
  title   = {LiDAR remote sensing of forest structure},
  author  = {Lim et al, Kevin},
  year    = 2003,
  journal = {Progress in physical geography}
}
@inproceedings{lin2021barf,
  title     = {{BARF}: Bundle-adjusting neural radiance fields},
  author    = {Lin, Chen-Hsuan and Ma, Wei-Chiu and Torralba, Antonio and Lucey, Simon},
  year      = 2021,
  booktitle = {IEEE International Conference on Computer Vision (ICCV)}
}
@inproceedings{liu2019flownet3d,
  title     = {{FlowNet3D}: Learning scene flow in 3d point clouds},
  author    = {Liu, Xingyu and Qi, Charles R and Guibas, Leonidas J},
  year      = 2019,
  booktitle = {IEEE Conference on Computer Vision and Pattern Recognition (CVPR)}
}
@inproceedings{liu2019meteornet,
  title     = {Meteornet: Deep learning on dynamic 3d point cloud sequences},
  author    = {Liu, Xingyu and Yan, Mengyuan and Bohg, Jeannette},
  year      = 2019,
  booktitle = {IEEE International Conference on Computer Vision (ICCV)}
}
@article{liu2019point,
  title   = {Point-voxel cnn for efficient 3d deep learning},
  author  = {Liu, Zhijian and Tang, Haotian and Lin, Yujun and Han, Song},
  year    = 2019,
  journal = {arXiv preprint arXiv:1907.03739}
}
@article{liu2020neural,
  title   = {Neural sparse voxel fields},
  author  = {Liu, Lingjie and Gu, Jiatao and Zaw Lin, Kyaw and Chua, Tat-Seng and Theobalt, Christian},
  year    = 2020,
  journal = {Advances in Neural Information Processing Systems (NeurIPS)}
}
@inproceedings{liu2021one,
  title     = {One Thing One Click: A Self-Training Approach for Weakly Supervised 3D Semantic Segmentation},
  author    = {Liu, Zhengzhe and Qi, Xiaojuan and Fu, Chi-Wing},
  year      = 2021,
  booktitle = {IEEE Conference on Computer Vision and Pattern Recognition (CVPR)}
}
@article{liu2022bevfusion,
  title   = {{BEVFusion}: Multi-Task Multi-Sensor Fusion with Unified Bird's-Eye View Representation},
  author  = {Liu, Zhijian and Tang, Haotian and Amini, Alexander and Yang, Xinyu and Mao, Huizi and Rus, Daniela and Han, Song},
  year    = 2022,
  journal = {arXiv preprint arXiv:2205.13542}
}
@inproceedings{long2015fully,
  title     = {Fully convolutional networks for semantic segmentation},
  author    = {Long, Jonathan and Shelhamer, Evan and Darrell, Trevor},
  year      = 2015,
  booktitle = {IEEE Conference on Computer Vision and Pattern Recognition (CVPR)}
}
@article{lowe2004distinctive,
  title   = {Distinctive image features from scale-invariant keypoints},
  author  = {Lowe, David G},
  year    = 2004,
  journal = {International Journal of Computer Vision (IJCV)},
}
@article{lu2020rskdd,
  title   = {RSKDD-Net: Random Sample-based Keypoint Detector and Descriptor},
  author  = {Lu, Fan and Chen, Guang and Liu, Yinlong and Qu, Zhongnan and Knoll, Alois},
  year    = 2020,
  journal = {Advances in Neural Information Processing Systems (NeurIPS)}
}
@inproceedings{lucas1981LK,
  title     = {An iterative image registration technique with an application to stereo vision},
  author    = {Lucas, Bruce D and Kanade, Takeo},
  year      = 1981,
  booktitle = {International Joint Conference on Artificial Intelligence (IJCAI)}
}
@article{luiten2020track,
  title     = {Track to reconstruct and reconstruct to track},
  author    = {Luiten, Jonathon and Fischer, Tobias and Leibe, Bastian},
  year      = 2020,
  journal   = {IEEE Robotics and Automation Letters (RA-L)},
}
@article{luo2021exploring,
  title   = {Exploring Simple 3D Multi-Object Tracking for Autonomous Driving},
  author  = {Luo, Chenxu and Yang, Xiaodong and Yuille, Alan},
  year    = 2021,
  journal = {arXiv preprint arXiv:2108.10312}
}
@inproceedings{luo2021self,
  title     = {Self-Supervised Pillar Motion Learning for Autonomous Driving},
  author    = {Luo, Chenxu and Yang, Xiaodong and Yuille, Alan},
  year      = 2021,
  booktitle = {IEEE Conference on Computer Vision and Pattern Recognition (CVPR)}
}
@article{luo2022learning,
  title   = {Learning Neural Acoustic Fields},
  author  = {Luo, Andrew and Du, Yilun and Tarr, Michael J and Tenenbaum, Joshua B and Torralba, Antonio and Gan, Chuang},
  year    = 2022,
  journal = {arXiv preprint arXiv:2204.00628}
}
@inproceedings{maas2013rectifier,
  title     = {Rectifier nonlinearities improve neural network acoustic models},
  author    = {Maas, Andrew L and Hannun, Awni Y and Ng, Andrew Y},
  year      = 2013,
  booktitle = {IEEE International Conference on Machine Learning (ICML)}
}
@inproceedings{manivasagam2020lidarsim,
  title     = {{LiDARsim}: Realistic {LiDAR} simulation by leveraging the real world},
  author    = {Manivasagam, Sivabalan and Wang, Shenlong and Wong, Kelvin and Zeng, Wenyuan and Sazanovich, Mikita and Tan, Shuhan and Yang, Bin and Ma, Wei-Chiu and Urtasun, Raquel},
  year      = 2020,
  booktitle = {IEEE Conference on Computer Vision and Pattern Recognition (CVPR)}
}
@article{mao2021one,
  title   = {One Million Scenes for Autonomous Driving: {ONCE} Dataset},
  author  = {Mao, Jiageng and Niu, Minzhe and Jiang, Chenhan and Liang, Hanxue and Liang, Xiaodan and Li, Yamin and Ye, Chaoqiang and Zhang, Wei and Li, Zhenguo and Yu, Jie and others},
  year    = 2021,
  journal = {arXiv preprint arXiv:2106.11037}
}
@article{max1995optical,
  title   = {Optical models for direct volume rendering},
  author  = {Max, Nelson},
  year    = 1995,
  journal = {IEEE Transactions on Visualization and Computer Graphics},
  volume  = 1,
  number  = 2,
  pages   = {99--108}
}
@techreport{max2005local,
  title       = {Local and global illumination in the volume rendering integral},
  author      = {Max, Nelson and Chen, Min},
  year        = 2005,
  institution = {Lawrence Livermore National Lab., Livermore, CA}
}
@inproceedings{mayer2016large,
  title     = {A large dataset to train convolutional networks for disparity, optical flow, and scene flow estimation},
  author    = {Mayer, Nikolaus and Ilg, Eddy and Hausser, Philip and Fischer, Philipp and Cremers, Daniel and Dosovitskiy, Alexey and Brox, Thomas},
  year      = 2016,
  booktitle = {IEEE Conference on Computer Vision and Pattern Recognition (CVPR)}
}
@article{mcinnes2017hdbscan,
  title   = {hdbscan: Hierarchical density based clustering},
  author  = {McInnes, Leland and Healy, John and Astels, Steve},
  year    = 2017,
  journal = {Journal of Open Source Software},
  volume  = 2,
  number  = 11,
  pages   = 205
}
@article{menze2018object,
  title     = {Object scene flow},
  author    = {Menze, Moritz and Heipke, Christian and Geiger, Andreas},
  year      = 2018,
  journal   = {ISPRS Journal of Photogrammetry and Remote Sensing},
}
@inproceedings{mescheder2019occupancy,
  title     = {Occupancy networks: Learning 3d reconstruction in function space},
  author    = {Mescheder, Lars and Oechsle, Michael and Niemeyer, Michael and Nowozin, Sebastian and Geiger, Andreas},
  year      = 2019,
  booktitle = {IEEE Conference on Computer Vision and Pattern Recognition (CVPR)}
}
@inproceedings{mildenhall2020nerf,
  title     = {{NerF}: Representing scenes as neural radiance fields for view synthesis},
  author    = {Mildenhall, Ben and Srinivasan, Pratul P and Tancik, Matthew and Barron, Jonathan T and Ramamoorthi, Ravi and Ng, Ren},
  year      = 2020,
  booktitle = {European Conference on Computer Vision (ECCV)}
}
@inproceedings{mildenhall2022nerf,
  title     = {{NeRF} in the dark: High dynamic range view synthesis from noisy raw images},
  author    = {Mildenhall, Ben and Hedman, Peter and Martin-Brualla, Ricardo and Srinivasan, Pratul P and Barron, Jonathan T},
  year      = 2022,
  booktitle = {IEEE Conference on Computer Vision and Pattern Recognition (CVPR)}
}
@inproceedings{nair2010rectified,
  title     = {Rectified linear units improve restricted boltzmann machines},
  author    = {Nair, Vinod and Hinton, Geoffrey E},
  year      = 2010,
  booktitle = {IEEE International Conference on Machine Learning (ICML)}
}
@inproceedings{nakashima2021learning,
  title     = {Learning to Drop Points for {LiDAR} Scan Synthesis},
  author    = {Nakashima, Kazuto and Kurazume, Ryo},
  year      = 2021,
  booktitle = {IEEE/RSJ Intl. Conference on Intelligent Robots and Systems (IROS)}
}
@article{NEURIPS2019_9015,
  title   = {PyTorch: An Imperative Style, High-Performance Deep Learning Library},
  author  = {Paszke, Adam and Gross, Sam and Massa, Francisco and Lerer, Adam and Bradbury, James and Chanan, Gregory and Killeen, Trevor and Lin, Zeming and Gimelshein, Natalia and Antiga, Luca and Desmaison, Alban and Kopf, Andreas and Yang, Edward and DeVito, Zachary and Raison, Martin and Tejani, Alykhan and Chilamkurthy, Sasank and Steiner, Benoit and Fang, Lu and Bai, Junjie and Chintala, Soumith},
  year    = 2021,
  journal = {Advances in Neural Information Processing Systems (NeurIPS)}
}
@inproceedings{niemeyer2019occupancy,
  title     = {Occupancy flow: 4d reconstruction by learning particle dynamics},
  author    = {Niemeyer, Michael and Mescheder, Lars and Oechsle, Michael and Geiger, Andreas},
  year      = 2019,
  booktitle = {IEEE International Conference on Computer Vision (ICCV)}
}
@inproceedings{oechsle2021unisurf,
  title     = {{UNISURF}: Unifying neural implicit surfaces and radiance fields for multi-view reconstruction},
  author    = {Oechsle, Michael and Peng, Songyou and Geiger, Andreas},
  year      = 2021,
  booktitle = {IEEE Conference on Computer Vision and Pattern Recognition (CVPR)}
}
@inproceedings{Ost_2022_CVPR,
  title     = {Neural point light fields},
  author    = {Ost, Julian and Laradji, Issam and Newell, Alejandro and Bahat, Yuval and Heide, Felix},
  year      = 2022,
  booktitle = {IEEE Conference on Computer Vision and Pattern Recognition (CVPR)}
}
@inproceedings{Ost_2022_CVPR_reb,
  title     = {Neural Point Light Fields},
  author    = {Ost et al, Julian},
  year      = 2022,
  booktitle = {IEEE Conference on Computer Vision and Pattern Recognition (CVPR)}
}
@inproceedings{ost2021neural,
  title     = {Neural scene graphs for dynamic scenes},
  author    = {Ost, Julian and Mannan, Fahim and Thuerey, Nils and Knodt, Julian and Heide, Felix},
  year      = 2021,
  booktitle = {IEEE Conference on Computer Vision and Pattern Recognition (CVPR)}
}
@article{ost2022pointlightfields,
  title   = {Neural Point Light Fields},
  author  = {Ost, Julian and Laradji, Issam and Newell, Alejandro and Bahat, Yuval and Heide, Felix},
  year    = 2022,
  journal = {The IEEE Conference on Computer Vision and Pattern Recognition (CVPR)}
}
@article{ouyang2021occlusion,
  title   = {Occlusion Guided Self-supervised Scene Flow Estimation on 3D Point Clouds},
  author  = {Ouyang, Bojun and Raviv, Dan},
  year    = 2021,
  journal = {arXiv preprint arXiv:2104.04724}
}
@inproceedings{pais20203dregnet,
  title     = {{3DRegNet}: A deep neural network for 3D point registration},
  author    = {Pais, G Dias and Ramalingam, Srikumar and Govindu, Venu Madhav and Nascimento, Jacinto C and Chellappa, Rama and Miraldo, Pedro},
  year      = 2020,
  booktitle = {IEEE Conference on Computer Vision and Pattern Recognition (CVPR)}
}
@article{pang2021model,
  title   = {Model-free Vehicle Tracking and State Estimation in Point Cloud Sequences},
  author  = {Pang, Ziqi and Li, Zhichao and Wang, Naiyan},
  year    = 2021,
  journal = {arXiv preprint arXiv:2103.06028}
}
@inproceedings{park2019deepsdf,
  title     = {{DeepSDF}: Learning continuous signed distance functions for shape representation},
  author    = {Park, Jeong Joon and Florence, Peter and Straub, Julian and Newcombe, Richard and Lovegrove, Steven},
  year      = 2019,
  booktitle = {IEEE Conference on Computer Vision and Pattern Recognition (CVPR)}
}
@inproceedings{peng2020convolutional,
  title     = {Convolutional occupancy networks},
  author    = {Peng, Songyou and Niemeyer, Michael and Mescheder, Lars and Pollefeys, Marc and Geiger, Andreas},
  year      = 2020,
  booktitle = {European Conference on Computer Vision (ECCV)}
}
@inproceedings{pfister2000surfels,
  title     = {Surfels: Surface elements as rendering primitives},
  author    = {Pfister, Hanspeter and Zwicker, Matthias and Van Baar, Jeroen and Gross, Markus},
  year      = 2000,
  booktitle = {Computer Graphics and Interactive Techniques}
}
@article{piergiovanni20214d,
  title   = {4D-Net for Learned Multi-Modal Alignment},
  author  = {Piergiovanni, AJ and Casser, Vincent and Ryoo, Michael S and Angelova, Anelia},
  year    = 2021,
  journal = {arXiv preprint arXiv:2109.01066}
}
@misc{point-cloud-utils,
  title  = {Point Cloud Utils},
  author = {Francis Williams},
  year   = 2022,
  note   = {https://www.github.com/fwilliams/point-cloud-utils}
}
@article{pomerleau2012challenging,
  title     = {Challenging data sets for point cloud registration algorithms},
  author    = {Pomerleau, Fran{\c{c}}ois and Liu, Ming and Colas, Francis and Siegwart, Roland},
  year      = 2012,
  journal   = {The International Journal of Robotics Research}
}
@inproceedings{pomerleau2014long,
  title     = {Long-term 3D map maintenance in dynamic environments},
  author    = {Pomerleau, Fran{\c{c}}ois and Kr{\"u}si, Philipp and Colas, Francis and Furgale, Paul and Siegwart, Roland},
  year      = 2014,
  booktitle = {IEEE International Conference on Robotics and Automation (ICRA)}
}
@inproceedings{pontes2020scene,
  title     = {Scene Flow from Point Clouds with or without Learning},
  author    = {Pontes, Jhony Kaesemodel and Hays, James and Lucey, Simon},
  year      = 2020,
  booktitle = {IEEE International conference on 3D vision (3DV)}
}
@inproceedings{pumarola2021d,
  title     = {{D-NeRF}: Neural radiance fields for dynamic scenes},
  author    = {Pumarola, Albert and Corona, Enric and Pons-Moll, Gerard and Moreno-Noguer, Francesc},
  year      = 2021,
  booktitle = {IEEE Conference on Computer Vision and Pattern Recognition (CVPR)}
}
@inproceedings{puy2020flot,
  title     = {{FLOT}: Scene flow on point clouds guided by optimal transport},
  author    = {Puy, Gilles and Boulch, Alexandre and Marlet, Renaud},
  year      = 2020,
  booktitle = {European Conference on Computer Vision (ECCV)}
}
@article{qadri2022neural,
  title   = {Neural Implicit Surface Reconstruction using Imaging Sonar},
  author  = {Qadri, Mohamad and Kaess, Michael and Gkioulekas, Ioannis},
  year    = 2022,
  journal = {arXiv preprint arXiv:2209.08221}
}
@inproceedings{qi2017pointnet,
  title     = {Pointnet: Deep learning on point sets for 3d classification and segmentation},
  author    = {Qi, Charles R and Su, Hao and Mo, Kaichun and Guibas, Leonidas J},
  year      = 2017,
  booktitle = {IEEE Conference on Computer Vision and Pattern Recognition (CVPR)}
}
@article{qi2017pointnet++,
  title   = {Pointnet++: Deep hierarchical feature learning on point sets in a metric space},
  author  = {Qi, Charles R and Yi, Li and Su, Hao and Guibas, Leonidas J},
  year    = 2017,
  journal = {arXiv preprint arXiv:1706.02413}
}
@inproceedings{qi2021offboard,
  title     = {Offboard 3D Object Detection from Point Cloud Sequences},
  author    = {Qi, Charles R and Zhou, Yin and Najibi, Mahyar and Sun, Pei and Vo, Khoa and Deng, Boyang and Anguelov, Dragomir},
  year      = 2021,
  booktitle = {IEEE Conference on Computer Vision and Pattern Recognition (CVPR)}
}
@article{rasshofer2011influences,
  title   = {Influences of weather phenomena on automotive laser radar systems},
  author  = {Rasshofer, Ralph H and Spies, Martin and Spies, Hans},
  year    = 2011,
  journal = {Advances in Radio Science},
  volume  = 9,
  pages   = {49--60}
}
@article{rematas2021urban,
  title   = {Urban Radiance Fields},
  author  = {Rematas, Konstantinos and Liu, Andrew and Srinivasan, Pratul P and Barron, Jonathan T and Tagliasacchi, Andrea and Funkhouser, Thomas and Ferrari, Vittorio},
  year    = 2021,
  journal = {arXiv preprint arXiv:2111.14643}
}
@article{rempe2020caspr,
  title   = {{CaSPR}: Learning Canonical Spatiotemporal Point Cloud Representations},
  author  = {Rempe, Davis and Birdal, Tolga and Zhao, Yongheng and Gojcic, Zan and Sridhar, Srinath and Guibas, Leonidas J.},
  year    = 2020,
  journal = {Advances in Neural Information Processing Systems (NeurIPS)}
}
@article{revaud2019r2d2,
  title   = {{R2D2}: Repeatable and reliable detector and descriptor},
  author  = {Revaud, Jerome and Weinzaepfel, Philippe and De Souza, C{\'e}sar and Pion, Noe and Csurka, Gabriela and Cabon, Yohann and Humenberger, Martin},
  year    = 2019,
  journal = {arXiv preprint arXiv:1906.06195}
}
@article{roessle2021dense,
  title   = {Dense Depth Priors for Neural Radiance Fields from Sparse Input Views},
  author  = {Roessle, Barbara and Barron, Jonathan T and Mildenhall, Ben and Srinivasan, Pratul P and Nie{\ss}ner, Matthias},
  year    = 2021,
  journal = {arXiv preprint arXiv:2112.03288}
}
@article{rudnev2022eventnerf,
  title   = {{EventNeRF}: Neural Radiance Fields from a Single Colour Event Camera},
  author  = {Viktor Rudnev and Mohamed Elgharib and Christian Theobalt and Vladislav Golyanik},
  year    = 2022,
  journal = {arXiv preprint arXiv:2206.11896}
}
@inproceedings{runz2020frodo,
  title     = {{F}ro{DO}: From detections to 3d objects},
  author    = {Runz, Martin and Li, Kejie and Tang, Meng and Ma, Lingni and Kong, Chen and Schmidt, Tanner and Reid, Ian and Agapito, Lourdes and Straub, Julian and Lovegrove, Steven and others},
  year      = 2020,
  booktitle = {IEEE Conference on Computer Vision and Pattern Recognition (CVPR)}
}
@inproceedings{rusu2008PFH,
  title     = {Aligning point cloud views using persistent feature histograms},
  author    = {Rusu, Radu Bogdan and Blodow, Nico and Marton, Zoltan Csaba and Beetz, Michael},
  year      = 2008,
  booktitle = {IEEE/RSJ Intl. Conference on Intelligent Robots and Systems (IROS)}
}
@inproceedings{rusu2009FPFH,
  title     = {Fast point feature histograms ({FPFH}) for 3{D} registration},
  author    = {Rusu, Radu Bogdan and Blodow, Nico and Beetz, Michael},
  year      = 2009,
  booktitle = {IEEE International Conference on Robotics and Automation (ICRA)}
}
@article{sallab2019lidar,
  title   = {{LiDAR} Sensor modeling and Data augmentation with {GANs} for Autonomous driving},
  author  = {Sallab, Ahmad El and Sobh, Ibrahim and Zahran, Mohamed and Essam, Nader},
  year    = 2019,
  journal = {arXiv preprint arXiv:1905.07290}
}
@inproceedings{sarlin2020superglue,
  title     = {Superglue: Learning feature matching with graph neural networks},
  author    = {Sarlin, Paul-Edouard and DeTone, Daniel and Malisiewicz, Tomasz and Rabinovich, Andrew},
  year      = 2020,
  booktitle = {IEEE Conference on Computer Vision and Pattern Recognition (CVPR)}
}
@article{sauer2021projected,
  title   = {Projected {GANs} converge faster},
  author  = {Sauer, Axel and Chitta, Kashyap and M{\"u}ller, Jens and Geiger, Andreas},
  year    = 2021,
  journal = {Advances in Neural Information Processing Systems (NeurIPS)}
}
@article{schauer2018peopleremover,
  title     = {The peopleremover—removing dynamic objects from 3-d point cloud data by traversing a voxel occupancy grid},
  author    = {Schauer, Johannes and N{\"u}chter, Andreas},
  year      = 2018,
  journal   = {IEEE Robotics and Automation Letters (RA-L)},
}
@inproceedings{schoenberger2016mvs,
  title     = {Pixelwise View Selection for Unstructured Multi-View Stereo},
  author    = {Sch\"{o}nberger, Johannes Lutz and Zheng, Enliang and Pollefeys, Marc and Frahm, Jan-Michael},
  year      = 2016,
  booktitle = {European Conference on Computer Vision (ECCV)}
}
@inproceedings{schoenberger2016sfm,
  title     = {Structure-from-Motion Revisited},
  author    = {Sch\"{o}nberger, Johannes Lutz and Frahm, Jan-Michael},
  year      = 2016,
  booktitle = {IEEE Conference on Computer Vision and Pattern Recognition (CVPR)}
}
@inproceedings{shi2019pointrcnn,
  title     = {{PointRCNN}: 3d object proposal generation and detection from point cloud},
  author    = {Shi, Shaoshuai and Wang, Xiaogang and Li, Hongsheng},
  year      = 2019,
  booktitle = {IEEE Conference on Computer Vision and Pattern Recognition (CVPR)}
}
@article{shih2022reconstruction,
  title   = {Reconstruction and Synthesis of Lidar Point Clouds of Spray},
  author  = {Shih, Yi-Chien and Liao, Wei-Hsiang and Lin, Wen-Chieh and Wong, Sai-Keung and Wang, Chieh-Chih},
  year    = 2022,
  journal = {IEEE Robotics and Automation Letters (RA-L)},
}
@inproceedings{shotton2013scene,
  title     = {Scene coordinate regression forests for camera relocalization in {RGB-D} images},
  author    = {Shotton, Jamie and Glocker, Ben and Zach, Christopher and Izadi, Shahram and Criminisi, Antonio and Fitzgibbon, Andrew},
  year      = 2013,
  booktitle = {IEEE Conference on Computer Vision and Pattern Recognition (CVPR)}
}
@article{sinkhorn1964relationship,
  title     = {A relationship between arbitrary positive matrices and doubly stochastic matrices},
  author    = {Sinkhorn, Richard},
  year      = 1964,
  journal   = {The annals of mathematical statistics}
}
@article{stutz2020learning,
  title     = {Learning 3d shape completion under weak supervision},
  author    = {Stutz, David and Geiger, Andreas},
  year      = 2020,
  journal   = {International Journal of Computer Vision (IJCV)},
}
@inproceedings{sun2018pwc,
  title     = {{PWC-net}: Cnns for optical flow using pyramid, warping, and cost volume},
  author    = {Sun, Deqing and Yang, Xiaodong and Liu, Ming-Yu and Kautz, Jan},
  year      = 2018,
  booktitle = {IEEE Conference on Computer Vision and Pattern Recognition (CVPR)}
}
@inproceedings{sun2020circle,
  title     = {Circle loss: A unified perspective of pair similarity optimization},
  author    = {Sun, Yifan and Cheng, Changmao and Zhang, Yuhan and Zhang, Chi and Zheng, Liang and Wang, Zhongdao and Wei, Yichen},
  year      = 2020,
  booktitle = {IEEE Conference on Computer Vision and Pattern Recognition (CVPR)}
}
@inproceedings{sun2020scalability,
  title     = {Scalability in perception for autonomous driving: {Waymo} open dataset},
  author    = {Sun, Pei and Kretzschmar, Henrik and Dotiwalla, Xerxes and Chouard, Aurelien and Patnaik, Vijaysai and Tsui, Paul and Guo, James and Zhou, Yin and Chai, Yuning and Caine, Benjamin and others},
  year      = 2020,
  booktitle = {IEEE Conference on Computer Vision and Pattern Recognition (CVPR)}
}
@article{tagliasacchi2022volume,
  title   = {Volume Rendering Digest for NeRF},
  author  = {Tagliasacchi, Andrea and Mildenhall, Ben},
  year    = 2022,
  journal = {arXiv preprint arXiv:2209.02417}
}
@article{tancik2022block,
  title   = {Block-{NeRF}: Scalable large scene neural view synthesis},
  author  = {Tancik, Matthew and Casser, Vincent and Yan, Xinchen and Pradhan, Sabeek and Mildenhall, Ben and Srinivasan, Pratul P and Barron, Jonathan T and Kretzschmar, Henrik},
  year    = 2022,
  journal = {arXiv preprint arXiv:2202.05263}
}
@inproceedings{tang2020searching,
  title     = {Searching efficient 3d architectures with sparse point-voxel convolution},
  author    = {Tang, Haotian and Liu, Zhijian and Zhao, Shengyu and Lin, Yujun and Lin, Ji and Wang, Hanrui and Han, Song},
  year      = 2020,
  booktitle = {European Conference on Computer Vision (ECCV)}
}
@inproceedings{tang2022torchsparse,
  title     = {{TorchSparse: Efficient Point Cloud Inference Engine}},
  author    = {Tang, Haotian and Liu, Zhijian and Li, Xiuyu and Lin, Yujun and Han, Song},
  year      = 2022,
  journal   = {Proceedings of Machine Learning and Systems (MLSys)}
}
@inproceedings{teed2020raft,
  title     = {{RAFT}: Recurrent all-pairs field transforms for optical flow},
  author    = {Teed, Zachary and Deng, Jia},
  year      = 2020,
  booktitle = {European Conference on Computer Vision (ECCV)}
}
@inproceedings{teed2021raft,
  title     = {{RAFT-3D}: Scene flow using rigid-motion embeddings},
  author    = {Teed, Zachary and Deng, Jia},
  year      = 2021,
  booktitle = {IEEE Conference on Computer Vision and Pattern Recognition (CVPR)}
}
@inproceedings{Thomas_2019_ICCV,
  title     = {{KPConv}: Flexible and Deformable Convolution for Point Clouds},
  author    = {Thomas, Hugues and Qi, Charles R. and Deschaud, Jean-Emmanuel and Marcotegui, Beatriz and Goulette, Francois and Guibas, Leonidas J.},
  year      = 2019,
  booktitle = {IEEE International Conference on Computer Vision (ICCV)}
}
@inproceedings{thomas2019kpconv,
  title     = {{KPconv}: Flexible and deformable convolution for point clouds},
  author    = {Thomas, Hugues and Qi, Charles R and Deschaud, Jean-Emmanuel and Marcotegui, Beatriz and Goulette, Fran{\c{c}}ois and Guibas, Leonidas J},
  year      = 2019,
  booktitle = {IEEE Conference on Computer Vision and Pattern Recognition (CVPR)}
}
@inproceedings{tombari2010SHOT,
  title     = {Unique signatures of histograms for local surface description},
  author    = {Tombari, Federico and Salti, Samuele and Di Stefano, Luigi},
  year      = 2010,
  booktitle = {European Conference on Computer Vision (ECCV)}
}
@inproceedings{tombari2010USC,
  title     = {Unique shape context for 3{D} data description},
  author    = {Tombari, Federico and Salti, Samuele and Di Stefano, Luigi},
  year      = 2010,
  booktitle = {ACM Workshop on 3D Object Retrieval}
}
@misc{torch-ngp,
  title  = {Torch-ngp: a {PyTorch} implementation of instant-ngp},
  author = {Jiaxiang Tang},
  year   = 2022,
  note   = {https://github.com/ashawkey/torch-ngp}
}
@misc{turbosquid,
  title        = {Town with suburb},
  author       = {Kasiopy},
  note         = {last accessed 2023},
  howpublished = {\url{https://www.turbosquid.com/3d-models/town-suburb-3d-max/1085661}}
}
@article{ulyanov2016instance,
  title   = {Instance normalization: The missing ingredient for fast stylization},
  author  = {Ulyanov, Dmitry and Vedaldi, Andrea and Lempitsky, Victor},
  year    = 2016,
  journal = {arXiv preprint arXiv:1607.08022}
}
@inproceedings{valentin2016learning,
  title     = {Learning to navigate the energy landscape},
  author    = {Valentin, Julien and Dai, Angela and Nie{\ss}ner, Matthias and Kohli, Pushmeet and Torr, Philip and Izadi, Shahram and Keskin, Cem},
  year      = 2016,
  booktitle = {IEEE International conference on 3D vision (3DV)}
}
@inproceedings{vaswani2017attention,
  title     = {Attention is all you need},
  author    = {Vaswani, Ashish and Shazeer, Noam and Parmar, Niki and Uszkoreit, Jakob and Jones, Llion and Gomez, Aidan N and Kaiser, {\L}ukasz and Polosukhin, Illia},
  year      = 2017,
  booktitle = {Advances in Neural Information Processing Systems (NeurIPS)}
}
@inproceedings{vedula1999three,
  title     = {Three-dimensional scene flow},
  author    = {Vedula, Sundar and Baker, Simon and Rander, Peter and Collins, Robert and Kanade, Takeo},
  year      = 1999,
  booktitle = {IEEE International Conference on Computer Vision (ICCV)}
}
@article{verbin2021ref,
  title   = {{Ref-NeRF}: Structured view-dependent appearance for neural radiance fields},
  author  = {Verbin, Dor and Hedman, Peter and Mildenhall, Ben and Zickler, Todd and Barron, Jonathan T and Srinivasan, Pratul P},
  year    = 2021,
  journal = {arXiv preprint arXiv:2112.03907}
}
@article{virtanen2020scipy,
  title     = {{SciPy} 1.0: fundamental algorithms for scientific computing in Python},
  author    = {Virtanen, Pauli and Gommers, Ralf and Oliphant, Travis E and Haberland, Matt and Reddy, Tyler and Cournapeau, David and Burovski, Evgeni and Peterson, Pearu and Weckesser, Warren and Bright, Jonathan and others},
  year      = 2020,
  journal   = {Nature methods},
  publisher = {Nature Publishing Group},
  volume    = 17,
  number    = 3,
  pages     = {261--272}
}
@inproceedings{vogel20113d,
  title     = {3D scene flow estimation with a rigid motion prior},
  author    = {Vogel, Christoph and Schindler, Konrad and Roth, Stefan},
  year      = 2011,
  booktitle = {IEEE International Conference on Computer Vision (ICCV)}
}
@inproceedings{vogel2013piecewise,
  title     = {Piecewise rigid scene flow},
  author    = {Vogel, Christoph and Schindler, Konrad and Roth, Stefan},
  year      = 2013,
  booktitle = {IEEE International Conference on Computer Vision (ICCV)}
}
@article{vogel20153d,
  title     = {3d scene flow estimation with a piecewise rigid scene model},
  author    = {Vogel, Christoph and Schindler, Konrad and Roth, Stefan},
  year      = 2015,
  journal   = {International Journal of Computer Vision (IJCV)},
}
@inproceedings{waechter2014let,
  title     = {Let there be color! Large-scale texturing of 3D reconstructions},
  author    = {Waechter, Michael and Moehrle, Nils and Goesele, Michael},
  year      = 2014,
  booktitle = {European Conference on Computer Vision (ECCV)}
}
@article{wagner2006gaussian,
  title   = {Gaussian decomposition and calibration of a novel small-footprint full-waveform digitising airborne laser scanner},
  author  = {Wagner, Wolfgang and Ullrich, Andreas and Ducic, Vesna and Melzer, Thomas and Studnicka, Nick},
  year    = 2006,
  journal = {ISPRS Journal of Photogrammetry and Remote Sensing},
}
@inproceedings{wang2019associatively,
  title     = {Associatively segmenting instances and semantics in point clouds},
  author    = {Wang, Xinlong and Liu, Shu and Shen, Xiaoyong and Shen, Chunhua and Jia, Jiaya},
  year      = 2019,
  booktitle = {IEEE Conference on Computer Vision and Pattern Recognition (CVPR)}
}
@inproceedings{wang2019dcp,
  title     = {Deep closest point: Learning representations for point cloud registration},
  author    = {Wang, Yue and Solomon, Justin M},
  year      = 2019,
  booktitle = {IEEE International Conference on Computer Vision (ICCV)}
}
@article{wang2019dynamic,
  title   = {Dynamic graph {CNN} for learning on point clouds},
  author  = {Wang, Yue and Sun, Yongbin and Liu, Ziwei and Sarma, Sanjay E and Bronstein, Michael M and Solomon, Justin M},
  year    = 2019,
  journal = {ACM TOG},
  volume  = 38,
  number  = 5
}
@inproceedings{wang2019normalized,
  title     = {Normalized object coordinate space for category-level 6d object pose and size estimation},
  author    = {Wang, He and Sridhar, Srinath and Huang, Jingwei and Valentin, Julien and Song, Shuran and Guibas, Leonidas J},
  year      = 2019,
  booktitle = {IEEE Conference on Computer Vision and Pattern Recognition (CVPR)}
}
@inproceedings{wang2019prnet,
  title     = {{PRNet}: Self-supervised learning for partial-to-partial registration},
  author    = {Wang, Yue and Solomon, Justin M},
  year      = 2019,
  booktitle = {Advances in Neural Information Processing Systems (NeurIPS)}
}
@article{wang2020learning,
  title   = {Learning feature descriptors using camera pose supervision},
  author  = {Wang, Qianqian and Zhou, Xiaowei and Hariharan, Bharath and Snavely, Noah},
  year    = 2020,
  booktitle = {European Conference on Computer Vision (ECCV)}
}
@inproceedings{wang2020train,
  title     = {Train in {Germany}, test in the {USA}: Making 3d object detectors generalize},
  author    = {Wang, Yan and Chen, Xiangyu and You, Yurong and Li, Li Erran and Hariharan, Bharath and Campbell, Mark and Weinberger, Kilian Q and Chao, Wei-Lun},
  year      = 2020,
  booktitle = {IEEE Conference on Computer Vision and Pattern Recognition (CVPR)}
}
@article{wang2021neus,
  title     = {{NeuS}: Learning neural implicit surfaces by volume rendering for multi-view reconstruction},
  author    = {Wang, Peng and Liu, Lingjie and Liu, Yuan and Theobalt, Christian and Komura, Taku and Wang, Wenping},
  year      = 2021,
  journal   = {arXiv preprint arXiv:2106.10689},
  booktitle = {Advances in Neural Information Processing Systems (NeurIPS)}
}
@article{wang2021robust,
  title   = {Robust Object Detection via Instance-Level Temporal Cycle Confusion},
  author  = {Wang, Xin and Huang, Thomas E and Liu, Benlin and Yu, Fisher and Wang, Xiaolong and Gonzalez, Joseph E and Darrell, Trevor},
  year    = 2021,
  journal = {arXiv preprint arXiv:2104.08381}
}
@inproceedings{wedel2008efficient,
  title     = {Efficient dense scene flow from sparse or dense stereo data},
  author    = {Wedel, Andreas and Rabe, Clemens and Vaudrey, Tobi and Brox, Thomas and Franke, Uwe and Cremers, Daniel},
  year      = 2008,
  booktitle = {European Conference on Computer Vision (ECCV)}
}
@inproceedings{weng20203d,
  title     = {3d multi-object tracking: A baseline and new evaluation metrics},
  author    = {Weng, Xinshuo and Wang, Jianren and Held, David and Kitani, Kris},
  year      = 2020,
  booktitle = {IEEE/RSJ Intl. Conference on Intelligent Robots and Systems (IROS)}
}
@article{wiles2020d2d,
  title   = {{D2D}: Learning to find good correspondences for image matching and manipulation},
  author  = {Wiles, Olivia and Ehrhardt, Sebastien and Zisserman, Andrew},
  year    = 2020,
  journal = {arXiv preprint arXiv:2007.08480}
}
@article{winiwarter2022virtual,
  title   = {Virtual laser scanning with {HELIOS++}: A novel take on ray tracing-based simulation of topographic full-waveform 3D laser scanning},
  author  = {Winiwarter, Lukas and Pena, Alberto Manuel Esmor{\'\i}s and Weiser, Hannah and Anders, Katharina and S{\'a}nchez, Jorge Mart{\'\i}nez and Searle, Mark and H{\"o}fle, Bernhard},
  year    = 2022,
  journal = {Remote Sensing of Environment}
}
@inproceedings{wu20153d,
  title     = {{3D ShapeNets}: A deep representation for volumetric shapes},
  author    = {Wu, Zhirong and Song, Shuran and Khosla, Aditya and Yu, Fisher and Zhang, Linguang and Tang, Xiaoou and Xiao, Jianxiong},
  year      = 2015,
  booktitle = {IEEE Conference on Computer Vision and Pattern Recognition (CVPR)}
}
@inproceedings{wu2015ModelNet,
  title     = {3d shapenets: A deep representation for volumetric shapes},
  author    = {Wu, Zhirong and Song, Shuran and Khosla, Aditya and Yu, Fisher and Zhang, Linguang and Tang, Xiaoou and Xiao, Jianxiong},
  year      = 2015,
  booktitle = {IEEE Conference on Computer Vision and Pattern Recognition (CVPR)}
}
@inproceedings{wu2019pointpwc,
  title     = {PointPWC-Net: Cost Volume on Point Clouds for (Self-) Supervised Scene Flow Estimation},
  author    = {Wu, Wenxuan and Wang, Zhi Yuan and Li, Zhuwen and Liu, Wei and Fuxin, Li},
  year      = 2020,
  booktitle = {European Conference on Computer Vision (ECCV)}
}
@inproceedings{wu2020motionnet,
  title     = {{MotionNet}: Joint perception and motion prediction for autonomous driving based on bird's eye view maps},
  author    = {Wu, Pengxiang and Chen, Siheng and Metaxas, Dimitris N},
  year      = 2020,
  booktitle = {IEEE Conference on Computer Vision and Pattern Recognition (CVPR)}
}
@inproceedings{xiao2013sun3d,
  title     = {Sun3d: A database of big spaces reconstructed using sfm and object labels},
  author    = {Xiao, Jianxiong and Owens, Andrew and Torralba, Antonio},
  year      = 2013,
  booktitle = {IEEE International Conference on Computer Vision (ICCV)}
}
@inproceedings{xie2022neural,
  title        = {Neural fields in visual computing and beyond},
  author       = {Xie, Yiheng and Takikawa, Towaki and Saito, Shunsuke and Litany, Or and Yan, Shiqin and Khan, Numair and Tombari, Federico and Tompkin, James and Sitzmann, Vincent and Sridhar, Srinath},
  year         = 2022,
  booktitle    = {Computer Graphics Forum}
}
@article{xu2021spg,
  title     = {{SPG}: Unsupervised Domain Adaptation for 3D Object Detection via Semantic Point Generation},
  author    = {Xu, Qiangeng and Zhou, Yin and Wang, Weiyue and Qi, Charles R and Anguelov, Dragomir},
  year      = 2021,
  booktitle = {IEEE Conference on Computer Vision and Pattern Recognition (CVPR)}
}
@article{yan2018second,
  title     = {Second: Sparsely embedded convolutional detection},
  author    = {Yan, Yan and Mao, Yuxing and Li, Bo},
  year      = 2018,
  journal   = {Sensors},
  publisher = {Multidisciplinary Digital Publishing Institute}
}
@inproceedings{Yang_2023_unisim,
  title     = {UniSim: A Neural Closed-Loop Sensor Simulator},
  author    = {Yang, Ze and Chen, Yun and Wang, Jingkang and Manivasagam, Sivabalan and Ma, Wei-Chiu and Yang, Anqi Joyce and Urtasun, Raquel},
  year      = 2023,
  booktitle = {IEEE Conference on Computer Vision and Pattern Recognition (CVPR)}
}
@article{Yang_2023_unisim_reb,
  title   = {UniSim: A Neural Closed-Loop Sensor Simulator},
  author  = {Yang et al, Ze},
  year    = 2023,
  journal = {The IEEE Conference on Computer Vision and Pattern Recognition (CVPR)}
}
@inproceedings{yang2019extreme,
  title     = {Extreme relative pose estimation for rgb-d scans via scene completion},
  author    = {Yang, Zhenpei and Pan, Jeffrey Z and Luo, Linjie and Zhou, Xiaowei and Grauman, Kristen and Huang, Qixing},
  year      = 2019,
  booktitle = {IEEE Conference on Computer Vision and Pattern Recognition (CVPR)}
}
@inproceedings{yang2019pointflow,
  title     = {{PointFlow}: 3d point cloud generation with continuous normalizing flows},
  author    = {Yang, Guandao and Huang, Xun and Hao, Zekun and Liu, Ming-Yu and Belongie, Serge and Hariharan, Bharath},
  year      = 2019,
  booktitle = {IEEE International Conference on Computer Vision (ICCV)}
}
@inproceedings{yang2020extreme,
  title     = {Extreme relative pose network under hybrid representations},
  author    = {Yang, Zhenpei and Yan, Siming and Huang, Qixing},
  year      = 2020,
  booktitle = {IEEE Conference on Computer Vision and Pattern Recognition (CVPR)}
}
@inproceedings{yang20213d,
  title     = {{3D-MAN}: 3D Multi-frame Attention Network for Object Detection},
  author    = {Yang, Zetong and Zhou, Yin and Chen, Zhifeng and Ngiam, Jiquan},
  year      = 2021,
  booktitle = {IEEE Conference on Computer Vision and Pattern Recognition (CVPR)}
}
@article{yang2021auto4d,
  title   = {Auto4D: Learning to Label 4D Objects from Sequential Point Clouds},
  author  = {Yang, Bin and Bai, Min and Liang, Ming and Zeng, Wenyuan and Urtasun, Raquel},
  year    = 2021,
  journal = {arXiv preprint arXiv:2101.06586}
}
@article{yariv2021volume,
  title   = {Volume rendering of neural implicit surfaces},
  author  = {Yariv, Lior and Gu, Jiatao and Kasten, Yoni and Lipman, Yaron},
  year    = 2021,
  journal = {Advances in Neural Information Processing Systems (NeurIPS)}
}
@inproceedings{yew20183dfeat,
  title        = {3dfeat-net: Weakly supervised local 3d features for point cloud registration},
  author       = {Yew, Zi Jian and Lee, Gim Hee},
  year         = 2018,
  booktitle    = {European Conference on Computer Vision (ECCV)},
}
@inproceedings{yew2020rpm,
  title     = {{RPM-Net}: Robust Point Matching using Learned Features},
  author    = {Yew, Zi Jian and Lee, Gim Hee},
  year      = 2020,
  booktitle = {IEEE Conference on Computer Vision and Pattern Recognition (CVPR)}
}
@inproceedings{yi2021complete,
  title     = {Complete \& label: A domain adaptation approach to semantic segmentation of LiDAR point clouds},
  author    = {Yi, Li and Gong, Boqing and Funkhouser, Thomas},
  year      = 2021,
  booktitle = {IEEE Conference on Computer Vision and Pattern Recognition (CVPR)}
}
@inproceedings{yin2021center,
  title     = {Center-based 3d object detection and tracking},
  author    = {Yin, Tianwei and Zhou, Xingyi and Krahenbuhl, Philipp},
  year      = 2021,
  booktitle = {IEEE Conference on Computer Vision and Pattern Recognition (CVPR)}
}
@inproceedings{yoon2019mapless,
  title     = {Mapless online detection of dynamic objects in 3d lidar},
  author    = {Yoon, David and Tang, Tim and Barfoot, Timothy},
  year      = 2019,
  booktitle = {CRV}
}
@article{yu2021plenoxels,
  title   = {Plenoxels: Radiance Fields without Neural Networks},
  author  = {Yu, Alex and Fridovich-Keil, Sara and Tancik, Matthew and Chen, Qinhong and Recht, Benjamin and Kanazawa, Angjoo},
  year    = 2021,
  journal = {arXiv preprint arXiv:2112.05131}
}
@inproceedings{yuan2018pcn,
  title     = {{PCN}: Point completion network},
  author    = {Yuan, Wentao and Khot, Tejas and Held, David and Mertz, Christoph and Hebert, Martial},
  year      = 2018,
  booktitle = {IEEE International conference on 3D vision (3DV)}
}
@inproceedings{zeng20163dmatch,
  title     = {{3DMatch}: learning local geometric descriptors from {RGB-D} reconstructions},
  author    = {Zeng, Andy and Song, Shuran and Nie{\ss}ner, Matthias and Fisher, Matthew and Xiao, Jianxiong and Funkhouser, Thomas},
  year      = 2017,
  booktitle = {IEEE Conference on Computer Vision and Pattern Recognition (CVPR)}
}
@article{zeng2022lion,
  title   = {{LION}: Latent Point Diffusion Models for 3D Shape Generation},
  author  = {Zeng, Xiaohui and Vahdat, Arash and Williams, Francis and Gojcic, Zan and Litany, Or and Fidler, Sanja and Kreis, Karsten},
  year    = 2022,
  journal = {arXiv preprint arXiv:2210.06978}
}
@inproceedings{zermas2017fast,
  title     = {Fast segmentation of 3d point clouds: A paradigm on lidar data for autonomous vehicle applications},
  author    = {Zermas, Dimitris and Izzat, Izzat and Papanikolopoulos, Nikolaos},
  year      = 2017,
  booktitle = {IEEE International Conference on Robotics and Automation (ICRA)}
}
@article{zhai2020flowmot,
  title   = {{FlowMOT}: 3D Multi-Object Tracking by Scene Flow Association},
  author  = {Zhai, Guangyao and Kong, Xin and Cui, Jinhao and Liu, Yong and Yang, Zhen},
  year    = 2020,
  journal = {arXiv preprint arXiv:2012.07541}
}
@article{zhang2020nerf++,
  title   = {{NeRF++}: Analyzing and improving neural radiance fields},
  author  = {Zhang, Kai and Riegler, Gernot and Snavely, Noah and Koltun, Vladlen},
  year    = 2020,
  journal = {arXiv preprint arXiv:2010.07492}
}
@article{zhang2021nerfactor,
  title   = {{NeRFactor}: Neural factorization of shape and reflectance under an unknown illumination},
  author  = {Zhang, Xiuming and Srinivasan, Pratul P and Deng, Boyang and Debevec, Paul and Freeman, William T and Barron, Jonathan T},
  year    = 2021,
  journal = {ACM TOG},
  volume  = 40,
  number  = 6,
  pages   = {1--18}
}
@article{zhao2020epointda,
  title   = {{ePointDA}: An end-to-end simulation-to-real domain adaptation framework for {LiDAR} point cloud segmentation},
  author  = {Zhao, Sicheng and Wang, Yezhen and Li, Bo and Wu, Bichen and Gao, Yang and Xu, Pengfei and Darrell, Trevor and Keutzer, Kurt},
  year    = 2020,
  journal = {arXiv preprint arXiv:2009.03456}
}
@article{zhao2021divide,
  title   = {A Divide-and-Merge Point Cloud Clustering Algorithm for LiDAR Panoptic Segmentation},
  author  = {Zhao, Yiming and Zhang, Xiao and Huang, Xinming},
  year    = 2021,
  journal = {arXiv preprint arXiv:2109.08224}
}
@article{zhao2021technical,
  title   = {A Technical Survey and Evaluation of Traditional Point Cloud Clustering Methods for {LiDAR} Panoptic Segmentation},
  author  = {Zhao, Yiming and Zhang, Xiao and Huang, Xinming},
  year    = 2021,
  journal = {arXiv preprint arXiv:2108.09522}
}
@article{Zhou2018,
  title   = {{Open3D}: {A} Modern Library for {3D} Data Processing},
  author  = {Qian-Yi Zhou and Jaesik Park and Vladlen Koltun},
  year    = 2018,
  journal = {arXiv preprint arXiv:1801.09847}
}
@article{zhou2018open3d,
  title   = {{Open3D}: A modern library for 3D data processing},
  author  = {Zhou, Qian-Yi and Park, Jaesik and Koltun, Vladlen},
  year    = 2018,
  journal = {arXiv preprint arXiv:1801.09847}
}
@inproceedings{zhou20213d,
  title     = {3d shape generation and completion through point-voxel diffusion},
  author    = {Zhou, Linqi and Du, Yilun and Wu, Jiajun},
  year      = 2021,
  booktitle = {IEEE International Conference on Computer Vision (ICCV)}
}
@inproceedings{zuanazzi2020adversarial,
  title     = {Adversarial self-supervised scene flow estimation},
  author    = {Zuanazzi, Victor and van Vugt, Joris and Booij, Olaf and Mettes, Pascal},
  year      = 2020,
  booktitle = {IEEE International conference on 3D vision (3DV)}
}
@inproceedings{zyrianov2022learning,
  title        = {Learning to Generate Realistic {LiDAR} Point Clouds},
  author       = {Zyrianov, Vlas and Zhu, Xiyue and Wang, Shenlong},
  year         = 2022,
  booktitle    = {European Conference on Computer Vision (ECCV)},
}

@inproceedings{nerfstudio,
  title     = {Nerfstudio: A Modular Framework for Neural Radiance Field Development},
  author    = {Tancik, Matthew and Weber, Ethan and Ng, Evonne and Li, Ruilong and Yi, Brent and Kerr, Justin and Wang, Terrance and Kristoffersen, Alexander and Austin, Jake and Salahi, Kamyar and Ahuja, Abhik and McAllister, David and Kanazawa, Angjoo},
  year      = 2023,
  booktitle = {ACM SIGGRAPH Conference Proceedings}
}
@inproceedings{tallavajhula2018off,
  title        = {Off-road lidar simulation with data-driven terrain primitives},
  author       = {Tallavajhula, Abhijeet and Mericli, Cetin and Kelly, Alonzo},
  year         = 2018,
  booktitle    = {IEEE International Conference on Robotics and Automation (ICRA)},
}
@inproceedings{lee2015lidar,
  title        = {LiDAR simulation method for low-cost repetitive validation},
  author       = {Lee, Seongjo and Kang, Dahyeon and Cho, Seoungjae and Sim, Sungdae and Park, Yong Woon and Um, Kyhyun and Cho, Kyungeun},
  year         = 2015,
  booktitle    = {Advances in Computer Science and Ubiquitous Computing: CSA \& CUTE},
  pages        = {237--242},
  organization = {Springer}
}
@inproceedings{li2023pcgen,
  title        = {Pcgen: Point cloud generator for lidar simulation},
  author       = {Li, Chenqi and Ren, Yuan and Liu, Bingbing},
  year         = 2023,
  booktitle    = {IEEE International Conference on Robotics and Automation (ICRA)},
}
@article{fang2020augmented,
  title     = {Augmented LiDAR simulator for autonomous driving},
  author    = {Fang, Jin and Zhou, Dingfu and Yan, Feilong and Zhao, Tongtong and Zhang, Feihu and Ma, Yu and Wang, Liang and Yang, Ruigang},
  year      = 2020,
  journal   = {IEEE Robotics and Automation Letters (RA-L)},
}
@article{zhang2023nerf,
  title   = {NeRF-LiDAR: Generating Realistic LiDAR Point Clouds with Neural Radiance Fields},
  author  = {Zhang, Junge and Zhang, Feihu and Kuang, Shaochen and Zhang, Li},
  year    = 2023,
  journal = {arXiv preprint arXiv:2304.14811}
}
@article{tao2023lidar,
  title   = {LiDAR-NeRF: Novel LiDAR View Synthesis via Neural Radiance Fields},
  author  = {Tao, Tang and Gao, Longfei and Wang, Guangrun and Chen, Peng and Hao, Dayang and Liang, Xiaodan and Salzmann, Mathieu and Yu, Kaicheng},
  year    = 2023,
  journal = {arXiv preprint arXiv:2304.10406}
}
@inproceedings{Huang2023nfl,
  title     = {Neural LiDAR Fields for Novel View Synthesis},
  author    = {Huang, Shengyu and Gojcic, Zan and Wang, Zian and Williams, Francis and Kasten, Yoni and Fidler, Sanja and Schindler, Konrad and Litany, Or},
  year      = 2023,
  booktitle = {IEEE International Conference on Computer Vision (ICCV)}
}
@article{mueller2022instant,
  title     = {Instant Neural Graphics Primitives with a Multiresolution Hash Encoding},
  author    = {Thomas M\"uller and Alex Evans and Christoph Schied and Alexander Keller},
  year      = 2022,
  journal   = {ACM Transactions on Graphics (ToG)}
}
@inproceedings{li2023neuralangelo,
  title     = {Neuralangelo: High-Fidelity Neural Surface Reconstruction},
  author    = {Li, Zhaoshuo and M\"uller, Thomas and Evans, Alex and Taylor, Russell H and Unberath, Mathias and Liu, Ming-Yu and Lin, Chen-Hsuan},
  year      = 2023,
  booktitle = {IEEE Conference on Computer Vision and Pattern Recognition (CVPR)}
}
}
@inproceedings{icml2020_2086,
  title     = {Implicit Geometric Regularization for Learning Shapes},
  author    = {Gropp, Amos and Yariv, Lior and Haim, Niv and Atzmon, Matan and Lipman, Yaron},
  year      = 2020,
  booktitle = {IEEE International Conference on Machine Learning (ICML)}
}
@inproceedings{10.1145/325334.325242,
  title     = {Animating Rotation with Quaternion Curves},
  author    = {Shoemake, Ken},
  year      = 1985,
  booktitle = {Conference on Computer Graphics and Interactive Techniques}
}
@inproceedings{Ost_2021_CVPR,
  title     = {Neural Scene Graphs for Dynamic Scenes},
  author    = {Ost, Julian and Mannan, Fahim and Thuerey, Nils and Knodt, Julian and Heide, Felix},
  year      = 2021,
  booktitle = {IEEE Conference on Computer Vision and Pattern Recognition (CVPR)}
}
@inproceedings{kplanes_2023,
  title     = {K-Planes: Explicit Radiance Fields in Space, Time, and Appearance},
  author    = {{Sara Fridovich-Keil and Giacomo Meanti} and Frederik Rahbæk Warburg and Benjamin Recht and Angjoo Kanazawa},
  year      = 2023,
  booktitle = {IEEE Conference on Computer Vision and Pattern Recognition (CVPR)}
}
@inproceedings{yang2023unisim,
  title     = {UniSim: A Neural Closed-Loop Sensor Simulator},
  author    = {Yang, Ze and Chen, Yun and Wang, Jingkang and Manivasagam, Sivabalan and Ma, Wei-Chiu and Yang, Anqi Joyce and Urtasun, Raquel},
  year      = 2023,
  booktitle = {IEEE Conference on Computer Vision and Pattern Recognition (CVPR)}
}
}
@inproceedings{verbin2022ref,
  title     = {Ref-nerf: Structured view-dependent appearance for neural radiance fields},
  author    = {Verbin, Dor and Hedman, Peter and Mildenhall, Ben and Zickler, Todd and Barron, Jonathan T and Srinivasan, Pratul P},
  year      = 2022,
  booktitle = {IEEE Conference on Computer Vision and Pattern Recognition (CVPR)}
}
}
@article{kerbl20233d,
  title     = {3d gaussian splatting for real-time radiance field rendering},
  author    = {Kerbl, Bernhard and Kopanas, Georgios and Leimk{\"u}hler, Thomas and Drettakis, George},
  year      = 2023,
  journal   = {ACM Transactions on Graphics (ToG)}
}
@article{wu2022voxurf,
  title   = {Voxurf: Voxel-based efficient and accurate neural surface reconstruction},
  author  = {Wu, Tong and Wang, Jiaqi and Pan, Xingang and Xu, Xudong and Theobalt, Christian and Liu, Ziwei and Lin, Dahua},
  year    = 2022,
  journal = {arXiv preprint arXiv:2208.12697}
}
@inproceedings{wang2022hf,
  title     = {Hf-neus: Improved surface reconstruction using high-frequency details},
  author    = {Wang, Yiqun and Skorokhodov, Ivan and Wonka, Peter},
  year      = 2022,
  booktitle = {Advances in Neural Information Processing Systems (NeurIPS)}
}
@inproceedings{wang2023neus2,
  title     = {Neus2: Fast learning of neural implicit surfaces for multi-view reconstruction},
  author    = {Wang, Yiming and Han, Qin and Habermann, Marc and Daniilidis, Kostas and Theobalt, Christian and Liu, Lingjie},
  year      = 2023,
  booktitle = {IEEE International Conference on Computer Vision (ICCV)}
}
@inproceedings{niemeyer2020differentiable,
  title     = {Differentiable volumetric rendering: Learning implicit 3d representations without 3d supervision},
  author    = {Niemeyer, Michael and Mescheder, Lars and Oechsle, Michael and Geiger, Andreas},
  year      = 2020,
  booktitle = {IEEE Conference on Computer Vision and Pattern Recognition (CVPR)}
}
}
@article{yu2022monosdf,
  title   = {{MonoSDF}: Exploring monocular geometric cues for neural implicit surface reconstruction},
  author  = {Yu, Zehao and Peng, Songyou and Niemeyer, Michael and Sattler, Torsten and Geiger, Andreas},
  year    = 2022,
  journal = {Advances in Neural Information Processing Systems (NeurIPS)}
}
@article{zuo2023incremental,
  title     = {Incremental Dense Reconstruction from Monocular Video with Guided Sparse Feature Volume Fusion},
  author    = {Zuo, Xingxing and Yang, Nan and Merrill, Nathaniel and Xu, Binbin and Leutenegger, Stefan},
  year      = 2023,
  journal   = {IEEE Robotics and Automation Letters (RA-L)},
}
@inproceedings{sun2022neural,
  title     = {Neural 3d reconstruction in the wild},
  author    = {Sun, Jiaming and Chen, Xi and Wang, Qianqian and Li, Zhengqi and Averbuch-Elor, Hadar and Zhou, Xiaowei and Snavely, Noah},
  year      = 2022,
  booktitle = {ACM SIGGRAPH Conference Proceedings}
}
@article{fan2023fsdv2,
  title   = {{FSD V2}: Improving Fully Sparse 3D Object Detection with Virtual Voxels},
  author  = {Fan, Lue and Wang, Feng and Wang, Naiyan and Zhang, Zhaoxiang},
  year    = 2023,
  journal = {arXiv preprint arXiv:2308.03755}
}
@inproceedings{chen2022tensorf,
  title     = {{TensorRF}: Tensorial radiance fields},
  author    = {Chen, Anpei and Xu, Zexiang and Geiger, Andreas and Yu, Jingyi and Su, Hao},
  year      = 2022,
  booktitle = {European Conference on Computer Vision (ECCV)}
}
@inproceedings{chang2023neural,
  title     = {Neural Radiance Field with {LiDAR} maps},
  author    = {Chang, MingFang and Sharma, Akash and Kaess, Michael and Lucey, Simon},
  year      = 2023,
  booktitle = {IEEE International Conference on Computer Vision (ICCV)}
}
@inproceedings{manivasagam2023towards,
  title     = {Towards Zero Domain Gap: A Comprehensive Study of Realistic {LiDAR} Simulation for Autonomy Testing},
  author    = {Manivasagam, Sivabalan and B{\^a}rsan, Ioan Andrei and Wang, Jingkang and Yang, Ze and Urtasun, Raquel},
  year      = 2023,
  booktitle = {IEEE International Conference on Computer Vision (ICCV)}
}
@inproceedings{rematas2022urban,
  title     = {Urban radiance fields},
  author    = {Rematas, Konstantinos and Liu, Andrew and Srinivasan, Pratul P and Barron, Jonathan T and Tagliasacchi, Andrea and Funkhouser, Thomas and Ferrari, Vittorio},
  year      = 2022,
  booktitle = {IEEE Conference on Computer Vision and Pattern Recognition (CVPR)}
}
}
@inproceedings{wang2023neural,
  title     = {Neural Fields meet Explicit Geometric Representations for Inverse Rendering of Urban Scenes},
  author    = {Wang, Zian and Shen, Tianchang and Gao, Jun and Huang, Shengyu and Munkberg, Jacob and Hasselgren, Jon and Gojcic, Zan and Chen, Wenzheng and Fidler, Sanja},
  year      = 2023,
  booktitle = {IEEE Conference on Computer Vision and Pattern Recognition (CVPR)}
}
}
@inproceedings{shah2018airsim,
  title        = {Airsim: High-fidelity visual and physical simulation for autonomous vehicles},
  author       = {Shah, Shital and Dey, Debadeepta and Lovett, Chris and Kapoor, Ashish},
  year         = 2018,
  booktitle    = {International Conference on Field and Service Robotics}
}
@inproceedings{yue2018lidar,
  title     = {A lidar point cloud generator: from a virtual world to autonomous driving},
  author    = {Yue, Xiangyu and Wu, Bichen and Seshia, Sanjit A and Keutzer, Kurt and Sangiovanni-Vincentelli, Alberto L},
  year      = 2018,
  booktitle = {ACM International Conference on Multimedia Retrieval},
  pages     = {458--464}
}
@inproceedings{feng2023motionmag,
  title     = {Visualizing Subtle Motions with Time-Varying Neural Fields},
  author    = {Feng, Brandon Y. and AlZayer, Hadi and Rubinstein, Michael and Freeman, William T. and Huang, Jia-Bin},
  year      = 2023,
  booktitle = {IEEE International Conference on Computer Vision (ICCV)}
}
@inproceedings{pumarola2020d,
  title     = {D-nerf: Neural radiance fields for dynamic scenes},
  author    = {Pumarola, Albert and Corona, Enric and Pons-Moll, Gerard and Moreno-Noguer, Francesc},
  year      = 2021,
  booktitle = {IEEE Conference on Computer Vision and Pattern Recognition (CVPR)}
}
@article{wu2022d,
  title   = {D\^{} 2NeRF: Self-Supervised Decoupling of Dynamic and Static Objects from a Monocular Video},
  author  = {Wu, Tianhao and Zhong, Fangcheng and Tagliasacchi, Andrea and Cole, Forrester and Oztireli, Cengiz},
  year    = 2022,
  journal = {Advances in Neural Information Processing Systems (NeurIPS)}
}
@inproceedings{turki2023suds,
  title     = {SUDS: Scalable Urban Dynamic Scenes},
  author    = {Turki, Haithem and Zhang, Jason Y and Ferroni, Francesco and Ramanan, Deva},
  year      = 2023,
  booktitle = {IEEE Conference on Computer Vision and Pattern Recognition (CVPR)}
}
@article{yang2023emernerf,
  title   = {EmerNeRF: Emergent Spatial-Temporal Scene Decomposition via Self-Supervision},
  author  = {Jiawei Yang and Boris Ivanovic and Or Litany and Xinshuo Weng and Seung Wook Kim and Boyi Li and Tong Che and Danfei Xu and Sanja Fidler and Marco Pavone and Yue Wang},
  year    = 2023,
  journal = {arXiv preprint arXiv:2311.02077}
}
@article{park2021hypernerf,
  title      = {{HyperNeRF}: A Higher-Dimensional Representation for Topologically Varying Neural Radiance Fields},
  author     = {Park, Keunhong and Sinha, Utkarsh and Hedman, Peter and Barron, Jonathan T. and Bouaziz, Sofien and Goldman, Dan B and Martin-Brualla, Ricardo and Seitz, Steven M.},
  year       = 2021,
  journal    = {ACM Transactions on Graphics (ToG)},
}
@inproceedings{park2021nerfies,
  title     = {Nerfies: Deformable Neural Radiance Fields},
  author    = {Keunhong Park and Utkarsh Sinha and Jonathan T. Barron and Sofien Bouaziz and Dan B Goldman and Steven M. Seitz and Ricardo Martin-Brualla},
  year      = 2021,
  booktitle = {IEEE International Conference on Computer Vision (ICCV)}
}
@inproceedings{li2020neural,
  title     = {Neural Scene Flow Fields for Space-Time View Synthesis of Dynamic Scenes},
  author    = {Li, Zhengqi and Niklaus, Simon and Snavely, Noah and Wang, Oliver},
  year      = 2021,
  booktitle = {IEEE Conference on Computer Vision and Pattern Recognition (CVPR)}
}

@inproceedings{attal2023hyperreel,
  title     = {{HyperReel}: High-Fidelity {6-DoF} Video with Ray-Conditioned Sampling},
  author    = {Attal, Benjamin and Huang, Jia-Bin and Richardt, Christian and Zollhoefer, Michael and Kopf, Johannes and O'Toole, Matthew and Kim, Changil},
  year      = 2023,
  booktitle = {IEEE Conference on Computer Vision and Pattern Recognition (CVPR)}
}

@inproceedings{liu2023robust,
  title     = {Robust Dynamic Radiance Fields},
  author    = {Liu, Yu-Lun and Gao, Chen and Meuleman, Andreas and Tseng, Hung-Yu and Saraf, Ayush and Kim, Changil and Chuang, Yung-Yu and Kopf, Johannes and Huang, Jia-Bin},
  year      = 2023,
  booktitle = {IEEE Conference on Computer Vision and Pattern Recognition (CVPR)}
}

@inproceedings{KunduCVPR2022PNF,
  title     = {Panoptic Neural Fields: A Semantic Object-Aware Neural Scene Representation},
  author    = {Kundu, Abhijit and Genova, Kyle and Yin, Xiaoqi and Fathi, Alireza and Pantofaru, Caroline and Guibas, Leonidas and Tagliasacchi, Andrea and Dellaert, Frank and Funkhouser, Thomas},
  year      = 2022,
  booktitle = {IEEE Conference on Computer Vision and Pattern Recognition (CVPR)}
}

@inproceedings{kangle2021dsnerf,
  title     = {Depth-supervised {NeRF}: Fewer Views and Faster Training for Free},
  author    = {Deng, Kangle and Liu, Andrew and Zhu, Jun-Yan and Ramanan, Deva},
  year      = 2022,
  booktitle = {IEEE Conference on Computer Vision and Pattern Recognition (CVPR)}
}

@inproceedings{fridovich2022plenoxels,
  title     = {Plenoxels: Radiance fields without neural networks},
  author    = {Fridovich-Keil, Sara and Yu, Alex and Tancik, Matthew and Chen, Qinhong and Recht, Benjamin and Kanazawa, Angjoo},
  year      = 2022,
  booktitle = {IEEE Conference on Computer Vision and Pattern Recognition (CVPR)}
}

@inproceedings{yuan2021star,
  title     = {Star: Self-supervised tracking and reconstruction of rigid objects in motion with neural rendering},
  author    = {Yuan, Wentao and Lv, Zhaoyang and Schmidt, Tanner and Lovegrove, Steven},
  year      = 2021,
  booktitle = {IEEE Conference on Computer Vision and Pattern Recognition (CVPR)}
}

@article{hypnerf2023,
  title   = {HyP-NeRF: Learning Improved NeRF Priors using a HyperNetwork},
  author  = {Sen, Bipasha and Singh, Gaurav and Agarwal, Aditya and Agaram, Rohith and Krishna, K Madhava and Sridhar, Srinath},
  year    = 2023,
  journal = {Advances in Neural Information Processing Systems (NeurIPS)}
}

@misc{makoviychuk2021isaac,
      title={Isaac Gym: High Performance GPU-Based Physics Simulation For Robot Learning}, 
      author={Viktor Makoviychuk and Lukasz Wawrzyniak and Yunrong Guo and Michelle Lu and Kier Storey and Miles Macklin and David Hoeller and Nikita Rudin and Arthur Allshire and Ankur Handa and Gavriel State},
      year={2021},
      journal={arXiv preprint arXiv:2108.10470}
}

@inproceedings{su2015multi,
  title={Multi-view convolutional neural networks for 3d shape recognition},
  author={Su, Hang and Maji, Subhransu and Kalogerakis, Evangelos and Learned-Miller, Erik},
  booktitle={IEEE International Conference on Computer Vision (ICCV)},
  year={2015}
}

@inproceedings{choy20163d,
  title={3d-r2n2: A unified approach for single and multi-view 3d object reconstruction},
  author={Choy, Christopher B and Xu, Danfei and Gwak, JunYoung and Chen, Kevin and Savarese, Silvio},
  booktitle = {European Conference on Computer Vision (ECCV)},
  year={2016},
}

@article{hanocka2019meshcnn,
  title={Meshcnn: a network with an edge},
  author={Hanocka, Rana and Hertz, Amir and Fish, Noa and Giryes, Raja and Fleishman, Shachar and Cohen-Or, Daniel},
  journal={ACM Transactions on Graphics (ToG)},
  year={2019},
}

@article{zaheer2017deep,
  title={Deep sets},
  author={Zaheer, Manzil and Kottur, Satwik and Ravanbakhsh, Siamak and Poczos, Barnabas and Salakhutdinov, Russ R and Smola, Alexander J},
  journal = {Advances in Neural Information Processing Systems (NeurIPS)},
  year={2017}
}

@article{tao2023lidarnerf,
    title   = {LiDAR-NeRF: Novel LiDAR View Synthesis via Neural Radiance Fields},
    author  = {Tao, Tang and Gao, Longfei and Wang, Guangrun and Lao, Yixing and Chen, Peng and Zhao hengshuang and Hao, Dayang and Liang, Xiaodan and Salzmann, Mathieu and Yu, Kaicheng},
    journal = {arXiv preprint arXiv:2304.10406},
    year    = {2023}
}

@inproceedings{zhang2023nerflidar,
  title={NeRF-LiDAR: Generating Realistic LiDAR Point Clouds with Neural Radiance Fields},
  author={Zhang, Junge and Zhang, Feihu and Kuang, Shaochen and Zhang, Li},
  booktitle={AAAI Conference on Artificial Intelligence (AAAI)},
  year={2024}
}

@inproceedings{wu2019pointconv,
  title={Pointconv: Deep convolutional networks on 3d point clouds},
  author={Wu, Wenxuan and Qi, Zhongang and Fuxin, Li},
  booktitle={The IEEE Conference on Computer Vision and Pattern Recognition (CVPR)},
  year={2019}
}

@article{guo2020deep,
  title={Deep learning for 3d point clouds: A survey},
  author={Guo, Yulan and Wang, Hanyun and Hu, Qingyong and Liu, Hao and Liu, Li and Bennamoun, Mohammed},
  journal={IEEE transactions on pattern analysis and machine intelligence},
  year={2020},
  publisher={IEEE}
}

@article{li2018pointcnn,
  title={Pointcnn: Convolution on x-transformed points},
  author={Li, Yangyan and Bu, Rui and Sun, Mingchao and Wu, Wei and Di, Xinhan and Chen, Baoquan},
  journal = {Advances in Neural Information Processing Systems (NeurIPS)},
  year={2018}
}

@inproceedings{3DSemanticSegmentationWithSubmanifoldSparseConvNet,
  title={3D Semantic Segmentation with Submanifold Sparse Convolutional Networks},
  author={Graham, Benjamin and Engelcke, Martin and van der Maaten, Laurens},
  booktitle={The IEEE Conference on Computer Vision and Pattern Recognition (CVPR)},
  year={2018}
}

@inproceedings{zhou2018voxelnet,
  title={Voxelnet: End-to-end learning for point cloud based 3d object detection},
  author={Zhou, Yin and Tuzel, Oncel},
  booktitle={The IEEE Conference on Computer Vision and Pattern Recognition (CVPR)},
  year={2018}
}

@inproceedings{lang2019pointpillars,
  title={Pointpillars: Fast encoders for object detection from point clouds},
  author={Lang, Alex H and Vora, Sourabh and Caesar, Holger and Zhou, Lubing and Yang, Jiong and Beijbom, Oscar},
  booktitle={The IEEE Conference on Computer Vision and Pattern Recognition (CVPR)},
  year={2019}
}

@inproceedings{qi2016volumetric,
  title={Volumetric and multi-view cnns for object classification on 3d data},
  author={Qi, Charles R and Su, Hao and Nie{\ss}ner, Matthias and Dai, Angela and Yan, Mengyuan and Guibas, Leonidas J},
  booktitle={The IEEE Conference on Computer Vision and Pattern Recognition (CVPR)},
  year={2016}
}

@inproceedings{maturana2015voxnet,
  title={Voxnet: A 3d convolutional neural network for real-time object recognition},
  author={Maturana, Daniel and Scherer, Sebastian},
  booktitle = {IEEE/RSJ Intl. Conference on Intelligent Robots and Systems (IROS)},
  year={2015},
}

@article{NEURIPS2020_0a656cc1,
 author = {Milano, Francesco and Loquercio, Antonio and Rosinol, Antoni and Scaramuzza, Davide and Carlone, Luca},
 journal = {Advances in Neural Information Processing Systems (NeurIPS)},
 title = {Primal-Dual Mesh Convolutional Neural Networks},
 year = {2020}
}

@article{yang2021geometry,
  title={Geometry processing with neural fields},
  author={Yang, Guandao and Belongie, Serge and Hariharan, Bharath and Koltun, Vladlen},
  journal = {Advances in Neural Information Processing Systems (NeurIPS)},
  year={2021}
}

@inproceedings{aksoy2020salsanet,
  title={Salsanet: Fast road and vehicle segmentation in lidar point clouds for autonomous driving},
  author={Aksoy, Eren Erdal and Baci, Saimir and Cavdar, Selcuk},
  booktitle={IEEE intelligent vehicles symposium (IV)},
  year={2020}
}

@article{NEURIPS2022_9318763d,
 author = {Qian, Guocheng and Li, Yuchen and Peng, Houwen and Mai, Jinjie and Hammoud, Hasan and Elhoseiny, Mohamed and Ghanem, Bernard},
 journal = {Advances in Neural Information Processing Systems (NeurIPS)},
 title = {PointNeXt: Revisiting PointNet++ with Improved Training and Scaling Strategies},
 year = {2022}
}

@inproceedings{genova2020local,
  title={Local deep implicit functions for 3d shape},
  author={Genova, Kyle and Cole, Forrester and Sud, Avneesh and Sarna, Aaron and Funkhouser, Thomas},
  booktitle={The IEEE Conference on Computer Vision and Pattern Recognition (CVPR)},
  year={2020}
}

@inproceedings{jiang2020local,
  title={Local implicit grid representations for 3d scenes},
  author={Jiang, Chiyu and Sud, Avneesh and Makadia, Ameesh and Huang, Jingwei and Nie{\ss}ner, Matthias and Funkhouser, Thomas and others},
  booktitle={The IEEE Conference on Computer Vision and Pattern Recognition (CVPR)},
  year={2020}
}

@incollection{lorensen1998marching,
  title={Marching cubes: A high resolution 3D surface construction algorithm},
  author={Lorensen, William E and Cline, Harvey E},
  booktitle={Seminal graphics: pioneering efforts that shaped the field},
  pages={347--353},
  year={1998}
}

@article{shen2023flexible,
  title={Flexible Isosurface Extraction for Gradient-Based Mesh Optimization.},
  author={Shen, Tianchang and Munkberg, Jacob and Hasselgren, Jon and Yin, Kangxue and Wang, Zian and Chen, Wenzheng and Gojcic, Zan and Fidler, Sanja and Sharp, Nicholas and Gao, Jun},
  journal={ACM Transactions on Graphics (ToG)},
  year={2023}
}

@inproceedings{yang2023reconstructing,
  title={Reconstructing objects in-the-wild for realistic sensor simulation},
  author={Yang, Ze and Manivasagam, Sivabalan and Chen, Yun and Wang, Jingkang and Hu, Rui and Urtasun, Raquel},
  booktitle = {IEEE International Conference on Robotics and Automation (ICRA)},
}

@article{levoy1990efficient,
  title={Efficient ray tracing of volume data},
  author={Levoy, Marc},
  journal={ACM Transactions on Graphics (ToG)},
  year={1990},
}

@article{tancik2020fourier,
  title={Fourier features let networks learn high frequency functions in low dimensional domains},
  author={Tancik, Matthew and Srinivasan, Pratul and Mildenhall, Ben and Fridovich-Keil, Sara and Raghavan, Nithin and Singhal, Utkarsh and Ramamoorthi, Ravi and Barron, Jonathan and Ng, Ren},
  journal = {Advances in Neural Information Processing Systems (NeurIPS)},
  year={2020}
}

@inproceedings{SunSC22,
  author    = {Cheng Sun and Min Sun and Hwann{-}Tzong Chen},
  title     = {Direct Voxel Grid Optimization: Super-fast Convergence for Radiance Fields Reconstruction},
  booktitle={The IEEE Conference on Computer Vision and Pattern Recognition (CVPR)},
  year      = {2022},
}

@software{tiny-cuda-nn,
	author = {M\"uller, Thomas},
	license = {BSD-3-Clause},
	month = {4},
	title = {tiny-cuda-nn},
	url = {https://github.com/NVlabs/tiny-cuda-nn},
	version = {1.7},
	year = {2021}
}

@inproceedings{buehler2001unstructured,
  title={Unstructured lumigraph rendering},
  author={Buehler, Chris and Bosse, Michael and McMillan, Leonard and Gortler, Steven and Cohen, Michael},
  booktitle={Computer graphics and interactive techniques},
  year={2001}
}

@incollection{debevec2023modeling,
  title={Modeling and rendering architecture from photographs: A hybrid geometry-and image-based approach},
  author={Debevec, Paul E and Taylor, Camillo J and Malik, Jitendra},
  booktitle={Seminal Graphics Papers: Pushing the Boundaries},
  year={2023}
}

@incollection{levoy2023light,
  title={Light field rendering},
  author={Levoy, Marc and Hanrahan, Pat},
  booktitle={Seminal Graphics Papers: Pushing the Boundaries},
  year={2023}
}

@incollection{chen2023view,
  title={View interpolation for image synthesis},
  author={Chen, Shenchang Eric and Williams, Lance},
  booktitle={Seminal Graphics Papers: Pushing the Boundaries},
  year={2023}
}

@inproceedings{shade1998layered,
  title={Layered depth images},
  author={Shade, Jonathan and Gortler, Steven and He, Li-wei and Szeliski, Richard},
  booktitle={Computer graphics and interactive techniques},
  year={1998}
}

@inproceedings{flynn2019deepview,
  title={Deepview: View synthesis with learned gradient descent},
  author={Flynn, John and Broxton, Michael and Debevec, Paul and DuVall, Matthew and Fyffe, Graham and Overbeck, Ryan and Snavely, Noah and Tucker, Richard},
  booktitle={The IEEE Conference on Computer Vision and Pattern Recognition (CVPR)},
  year={2019}
}

@inproceedings{srinivasan2019pushing,
  title={Pushing the boundaries of view extrapolation with multiplane images},
  author={Srinivasan, Pratul P and Tucker, Richard and Barron, Jonathan T and Ramamoorthi, Ravi and Ng, Ren and Snavely, Noah},
  booktitle={The IEEE Conference on Computer Vision and Pattern Recognition (CVPR)},
  year={2019}
}

@inproceedings{henzler2018single,
  title={Single-image tomography: 3D volumes from 2D cranial X-rays},
  author={Henzler, Phlipp and Rasche, Volker and Ropinski, Timo and Ritschel, Tobias},
  booktitle={Computer Graphics Forum},
  year={2018},
}

@article{Lombardi2019,
 author = {Lombardi, Stephen and Simon, Tomas and Saragih, Jason and Schwartz, Gabriel and Lehrmann, Andreas and Sheikh, Yaser},
 title = {Neural Volumes: Learning Dynamic Renderable Volumes from Images},
 journal = {ACM Transactions on Graphics (ToG)},
 year = {2019},
} 

@inproceedings{zhu2023living,
    author = {Liyuan Zhu and Shengyu Huang and Konrad Schindler, Iro Armeni},
    title = {Living Scenes: Multi-object Relocalization and Reconstruction in Changing 3D Environments},
  booktitle = {The IEEE Conference on Computer Vision and Pattern Recognition (CVPR)},
  year      = {2024},
}

@inproceedings{wang2023fegr,
title = {Neural Fields meet Explicit Geometric Representations for Inverse Rendering of Urban Scenes}, 
author = {Zian Wang and Tianchang Shen and Jun Gao and Shengyu Huang and Jacob Munkberg and Jon Hasselgren and Zan Gojcic and Wenzheng Chen and Sanja Fidler},
booktitle = {The IEEE Conference on Computer Vision and Pattern Recognition (CVPR)},
year = {2023}
}

@inproceedings{stucker2022implicity,
  title={{ImpliCity}: City Modeling from Satellite Images with Deep Implicit Occupancy Fields},
  author={Stucker, Corinne and Ke, Bingxin and Yue, Yuanwen and Huang, Shengyu and Armeni, Iro and Schindler, Konrad},
  booktitle={ISPRS Congress},
  year={2022}
}

