@String(PAMI = {IEEE Trans. Pattern Anal. Mach. Intell.})
@String(IJCV = {Int. J. Comput. Vis.})
@String(CVPR= {IEEE Conf. Comput. Vis. Pattern Recog.})
@String(ICCV= {Int. Conf. Comput. Vis.})
@String(ECCV= {Eur. Conf. Comput. Vis.})
@String(NIPS= {Adv. Neural Inform. Process. Syst.})
@String(ICPR = {Int. Conf. Pattern Recog.})
@String(BMVC= {Brit. Mach. Vis. Conf.})
@String(TOG= {ACM Trans. Graph.})
@String(TIP  = {IEEE Trans. Image Process.})
@String(TVCG  = {IEEE Trans. Vis. Comput. Graph.})
@String(TMM  = {IEEE Trans. Multimedia})
@String(ACMMM= {ACM Int. Conf. Multimedia})
@String(ICME = {Int. Conf. Multimedia and Expo})
@String(ICASSP=	{ICASSP})
@String(ICIP = {IEEE Int. Conf. Image Process.})
@String(ACCV  = {ACCV})
@String(ICLR = {Int. Conf. Learn. Represent.})
@String(IJCAI = {IJCAI})
@String(PR   = {Pattern Recognition})
@String(AAAI = {AAAI})
@String(CVPRW= {IEEE Conf. Comput. Vis. Pattern Recog. Worksh.})
@String(CSVT = {IEEE Trans. Circuit Syst. Video Technol.})

@String(SPL	= {IEEE Sign. Process. Letters})
@String(VR   = {Vis. Res.})
@String(JOV	 = {J. Vis.})
@String(TVC  = {The Vis. Comput.})
@String(JCST  = {J. Comput. Sci. Tech.})
@String(CGF  = {Comput. Graph. Forum})
@String(CVM = {Computational Visual Media})


@String(PAMI  = {IEEE TPAMI})
@String(IJCV  = {IJCV})
@String(CVPR  = {CVPR})
@String(ICCV  = {ICCV})
@String(ECCV  = {ECCV})
@String(NIPS  = {NeurIPS})
@String(ICPR  = {ICPR})
@String(BMVC  =	{BMVC})
@String(TOG   = {ACM TOG})
@String(TIP   = {IEEE TIP})
@String(TVCG  = {IEEE TVCG})
@String(TCSVT = {IEEE TCSVT})
@String(TMM   =	{IEEE TMM})
@String(ACMMM = {ACM MM})
@String(ICME  =	{ICME})
@String(ICASSP=	{ICASSP})
@String(ICIP  = {ICIP})
@String(ACCV  = {ACCV})
@String(ICLR  = {ICLR})
@String(IJCAI = {IJCAI})
@String(PR = {PR})
@String(AAAI = {AAAI})
@String(CVPRW= {CVPRW})
@String(CSVT = {IEEE TCSVT})
@article{tang2022torchsparse,
  title={Torchsparse: Efficient point cloud inference engine},
  author={Tang, Haotian and Liu, Zhijian and Li, Xiuyu and Lin, Yujun and Han, Song},
  journal={Proceedings of Machine Learning and Systems},
  volume={4},
  pages={302--315},
  year={2022}
}
@article{kingma2014adam,
  title={Adam: A method for stochastic optimization},
  author={Kingma, Diederik P and Ba, Jimmy},
  journal={arXiv preprint arXiv:1412.6980},
  year={2014}
}

@inproceedings{nerfstudio,
	title        = {Nerfstudio: A Modular Framework for Neural Radiance Field Development},
	author       = {
		Tancik, Matthew and Weber, Ethan and Ng, Evonne and Li, Ruilong and Yi, Brent
		and Kerr, Justin and Wang, Terrance and Kristoffersen, Alexander and Austin,
		Jake and Salahi, Kamyar and Ahuja, Abhik and McAllister, David and Kanazawa,
		Angjoo
	},
	year         = 2023,
	booktitle    = {ACM SIGGRAPH 2023 Conference Proceedings},
	series       = {SIGGRAPH '23}
}

@inproceedings{tallavajhula2018off,
  title={Off-road lidar simulation with data-driven terrain primitives},
  author={Tallavajhula, Abhijeet and Mericli, Cetin and Kelly, Alonzo},
  booktitle={ICRA},
  pages={7470--7477},
  year={2018},
  organization={IEEE}
}
@inproceedings{xie2022neural,
 author = {Xie, Yiheng and Takikawa, Towaki and Saito, Shunsuke and Litany, Or and Yan, Shiqin and Khan, Numair and Tombari, Federico and Tompkin, James and Sitzmann, Vincent and Sridhar, Srinath},
 booktitle = {Computer Graphics Forum},
 number = {2},
 pages = {641--676},
 title = {Neural fields in visual computing and beyond},
 volume = {41},
 year = {2022}
}

@inproceedings{lee2015lidar,
  title={LiDAR simulation method for low-cost repetitive validation},
  author={Lee, Seongjo and Kang, Dahyeon and Cho, Seoungjae and Sim, Sungdae and Park, Yong Woon and Um, Kyhyun and Cho, Kyungeun},
  booktitle={Advances in Computer Science and Ubiquitous Computing: CSA \& CUTE},
  pages={237--242},
  year={2015},
  organization={Springer}
}

@inproceedings{guillard2022learning,
  title={Learning to Simulate Realistic LiDARs},
  author={Guillard, Beno{\^\i}t and Vemprala, Sai and Gupta, Jayesh K and Miksik, Ondrej and Vineet, Vibhav and Fua, Pascal and Kapoor, Ashish},
  booktitle={IROS},
  pages={8173--8180},
  year={2022},
  organization={IEEE}
}

@inproceedings{li2023pcgen,
  title={Pcgen: Point cloud generator for lidar simulation},
  author={Li, Chenqi and Ren, Yuan and Liu, Bingbing},
  booktitle={ICRA},
  pages={11676--11682},
  year={2023},
  organization={IEEE}
}

@article{fang2020augmented,
  title={Augmented LiDAR simulator for autonomous driving},
  author={Fang, Jin and Zhou, Dingfu and Yan, Feilong and Zhao, Tongtong and Zhang, Feihu and Ma, Yu and Wang, Liang and Yang, Ruigang},
  journal={IEEE Robotics and Automation Letters},
  volume={5},
  number={2},
  pages={1931--1938},
  year={2020},
  publisher={IEEE}
}

@article{zhang2023nerf,
  title={NeRF-LiDAR: Generating Realistic LiDAR Point Clouds with Neural Radiance Fields},
  author={Zhang, Junge and Zhang, Feihu and Kuang, Shaochen and Zhang, Li},
  journal={arXiv preprint arXiv:2304.14811},
  year={2023}
}

@article{tao2023lidar,
  title={LiDAR-NeRF: Novel LiDAR View Synthesis via Neural Radiance Fields},
  author={Tao, Tang and Gao, Longfei and Wang, Guangrun and Chen, Peng and Hao, Dayang and Liang, Xiaodan and Salzmann, Mathieu and Yu, Kaicheng},
  journal={arXiv preprint arXiv:2304.10406},
  year={2023}
}

@inproceedings{mildenhall2020nerf,
  title={{NerF}: Representing scenes as neural radiance fields for view synthesis},
  author={Mildenhall, Ben and Srinivasan, Pratul P and Tancik, Matthew and Barron, Jonathan T and Ramamoorthi, Ravi and Ng, Ren},
  booktitle={ECCV},
  year={2020},
}

@inproceedings{yariv2021volume,
	  title={Volume rendering of neural implicit surfaces},
	  author={Yariv, Lior and Gu, Jiatao and Kasten, Yoni and Lipman, Yaron},
	  booktitle={NeurIPS},
	  year={2021}
	}

 @inproceedings{wang2021neus,
      title={NeuS: Learning Neural Implicit Surfaces by Volume Rendering for Multi-view Reconstruction}, 
      author={Peng Wang and Lingjie Liu and Yuan Liu and Christian Theobalt and Taku Komura and Wenping Wang},
	   booktitle={NeurIPS},
      year={2021}
}

@inproceedings{Huang2023nfl,
    title={Neural LiDAR Fields for Novel View Synthesis},
    author={Huang, Shengyu and Gojcic, Zan and Wang, Zian and Williams, Francis and Kasten, Yoni and Fidler, Sanja and Schindler, Konrad and Litany, Or},
    booktitle={ICCV},
    year={2023}
}

@article{mueller2022instant,
    author = {Thomas M\"uller and Alex Evans and Christoph Schied and Alexander Keller},
    title = {Instant Neural Graphics Primitives with a Multiresolution Hash Encoding},
    journal = {ACM Trans. Graph.},
    volume = {41},
    number = {4},
    year = {2022},
    pages = {102:1--102:15},
    articleno = {102},
    numpages = {15}
}    

@inproceedings{li2023neuralangelo,
  title={Neuralangelo: High-Fidelity Neural Surface Reconstruction},
  author={Li, Zhaoshuo and M\"uller, Thomas and Evans, Alex and Taylor, Russell H and Unberath, Mathias and Liu, Ming-Yu and Lin, Chen-Hsuan},
  booktitle={CVPR},
  year={2023}
} 

@incollection{icml2020_2086,
 author = {Gropp, Amos and Yariv, Lior and Haim, Niv and Atzmon, Matan and Lipman, Yaron},
 booktitle = {Proceedings of Machine Learning and Systems 2020},
 pages = {3569--3579},
 title = {Implicit Geometric Regularization for Learning Shapes},
 year = {2020}
}

@article{deng2021depth,
  title={Depth-supervised {NeRF}: Fewer views and faster training for free},
  author={Deng, Kangle and Liu, Andrew and Zhu, Jun-Yan and Ramanan, Deva},
  journal={arXiv preprint arXiv:2107.02791},
  year={2021}
}

@article{rematas2021urban,
  title={Urban Radiance Fields},
  author={Rematas, Konstantinos and Liu, Andrew and Srinivasan, Pratul P and Barron, Jonathan T and Tagliasacchi, Andrea and Funkhouser, Thomas and Ferrari, Vittorio},
  journal={arXiv preprint arXiv:2111.14643},
  year={2021}
}


@inproceedings{manivasagam2020lidarsim,
  title={{LiDARsim}: Realistic {LiDAR} simulation by leveraging the real world},
  author={Manivasagam, Sivabalan and Wang, Shenlong and Wong, Kelvin and Zeng, Wenyuan and Sazanovich, Mikita and Tan, Shuhan and Yang, Bin and Ma, Wei-Chiu and Urtasun, Raquel},
  booktitle={CVPR},
  year={2020}
}

@inproceedings{10.1145/325334.325242,
author = {Shoemake, Ken},
title = {Animating Rotation with Quaternion Curves},
year = {1985},
isbn = {0897911660},
publisher = {Association for Computing Machinery},
booktitle = {Conference on Computer Graphics and Interactive Techniques},
pages = {245–254},
numpages = {10}
}



@InProceedings{Ost_2021_CVPR,
author = {Ost, Julian and Mannan, Fahim and Thuerey, Nils and Knodt, Julian and Heide, Felix},
title = {Neural Scene Graphs for Dynamic Scenes},
booktitle = {CVPR},
year = {2021},
}

@article{sfk_kplanes_2023,
    title={K-Planes: Explicit Radiance Fields in Space, Time, and Appearance},
    author={Sara Fridovich-Keil and Giacomo Meanti and Frederik Rahbæk Warburg and Benjamin Recht and Angjoo Kanazawa},
    year={2023},
    journal ={arXiv preprint arXiv:2301.10241}
}

@inproceedings{berman2018lovasz,
  title={The {Lov{\'a}sz}-softmax loss: A tractable surrogate for the optimization of the intersection-over-union measure in neural networks},
  author={Berman, Maxim and Triki, Amal Rannen and Blaschko, Matthew B},
  booktitle={CVPR},
  year={2018}
}

@inproceedings{kplanes_2023,
      title={K-Planes: Explicit Radiance Fields in Space, Time, and Appearance},
      author={{Sara Fridovich-Keil and Giacomo Meanti} and Frederik Rahbæk Warburg and Benjamin Recht and Angjoo Kanazawa},
      year={2023},
      booktitle = {CVPR},
}

@inproceedings{yang2023unisim,
  title     = {UniSim: A Neural Closed-Loop Sensor Simulator},
  author    = {Yang, Ze and Chen, Yun and Wang, Jingkang and Manivasagam, Sivabalan and Ma, Wei-Chiu and Yang, Anqi Joyce and Urtasun, Raquel},
  booktitle = {CVPR},
  year      = {2023},
}


@inproceedings{barron2022mip,
  title={Mip-nerf 360: Unbounded anti-aliased neural radiance fields},
  author={Barron, Jonathan T and Mildenhall, Ben and Verbin, Dor and Srinivasan, Pratul P and Hedman, Peter},
  booktitle={CVPR},
  year={2022}
}

@inproceedings{barron2021mip,
  title={Mip-{NeRF}: A multiscale representation for anti-aliasing neural radiance fields},
  author={Barron, Jonathan T and Mildenhall, Ben and Tancik, Matthew and Hedman, Peter and Martin-Brualla, Ricardo and Srinivasan, Pratul P},
  booktitle={ICCV},
  year={2021}
}

@inproceedings{verbin2022ref,
  title={Ref-nerf: Structured view-dependent appearance for neural radiance fields},
  author={Verbin, Dor and Hedman, Peter and Mildenhall, Ben and Zickler, Todd and Barron, Jonathan T and Srinivasan, Pratul P},
  booktitle={CVPR},
  year={2022}
}

@article{kerbl20233d,
  title={3d gaussian splatting for real-time radiance field rendering},
  author={Kerbl, Bernhard and Kopanas, Georgios and Leimk{\"u}hler, Thomas and Drettakis, George},
  journal={ACM Transactions on Graphics},
  volume={42},
  number={4},
  pages={1--14},
  year={2023},
  publisher={ACM New York, NY, USA}
}

@article{wu2022voxurf,
  title={Voxurf: Voxel-based efficient and accurate neural surface reconstruction},
  author={Wu, Tong and Wang, Jiaqi and Pan, Xingang and Xu, Xudong and Theobalt, Christian and Liu, Ziwei and Lin, Dahua},
  journal={arXiv preprint arXiv:2208.12697},
  year={2022}
}

@inproceedings{wang2022hf,
  title={Hf-neus: Improved surface reconstruction using high-frequency details},
  author={Wang, Yiqun and Skorokhodov, Ivan and Wonka, Peter},
  booktitle={NeurIPS},
  year={2022}
}

@inproceedings{wang2023neus2,
  title={Neus2: Fast learning of neural implicit surfaces for multi-view reconstruction},
  author={Wang, Yiming and Han, Qin and Habermann, Marc and Daniilidis, Kostas and Theobalt, Christian and Liu, Lingjie},
  booktitle={ICCV},
  year={2023}
}


@inproceedings{niemeyer2020differentiable,
  title={Differentiable volumetric rendering: Learning implicit 3d representations without 3d supervision},
  author={Niemeyer, Michael and Mescheder, Lars and Oechsle, Michael and Geiger, Andreas},
  booktitle={CVPR},
  year={2020}
}

@inproceedings{oechsle2021unisurf,
  title={Unisurf: Unifying neural implicit surfaces and radiance fields for multi-view reconstruction},
  author={Oechsle, Michael and Peng, Songyou and Geiger, Andreas},
  booktitle={ICCV},
  year={2021}
}

@inproceedings{yu2022monosdf,
  title={{MonoSDF}: Exploring monocular geometric cues for neural implicit surface reconstruction},
  author={Yu, Zehao and Peng, Songyou and Niemeyer, Michael and Sattler, Torsten and Geiger, Andreas},
  booktitle={NeurIPS},
  year={2022}
}

@article{zuo2023incremental,
  title={Incremental Dense Reconstruction from Monocular Video with Guided Sparse Feature Volume Fusion},
  author={Zuo, Xingxing and Yang, Nan and Merrill, Nathaniel and Xu, Binbin and Leutenegger, Stefan},
  journal={IEEE Robotics and Automation Letters},
  year={2023},
  publisher={IEEE}
}

@inproceedings{sun2022neural,
  title={Neural 3d reconstruction in the wild},
  author={Sun, Jiaming and Chen, Xi and Wang, Qianqian and Li, Zhengqi and Averbuch-Elor, Hadar and Zhou, Xiaowei and Snavely, Noah},
  booktitle={ACM SIGGRAPH},
  year={2022}
}

@article{fan2023fsdv2,
  title={{FSD V2}: Improving Fully Sparse 3D Object Detection with Virtual Voxels},
  author={Fan, Lue and Wang, Feng and Wang, Naiyan and Zhang, Zhaoxiang},
  journal={arXiv preprint arXiv:2308.03755},
  year={2023}
}

@inproceedings{tang2020searching,
  title = {Searching Efficient 3D Architectures with Sparse Point-Voxel Convolution},
  author = {Tang, Haotian* and Liu, Zhijian* and Zhao, Shengyu and Lin, Yujun and Lin, Ji and Wang, Hanrui and Han, Song},
  booktitle = {ECCV},
  year = {2020}
}

@inproceedings{chen2022tensorf,
  title={{TensorRF}: Tensorial radiance fields},
  author={Chen, Anpei and Xu, Zexiang and Geiger, Andreas and Yu, Jingyi and Su, Hao},
  booktitle={ECCV},
  year={2022},
  organization={Springer}
}

@inproceedings{chang2023neural,
  title={Neural Radiance Field with {LiDAR} maps},
  author={Chang, MingFang and Sharma, Akash and Kaess, Michael and Lucey, Simon},
  booktitle={ICCV},
  year={2023}
}

@inproceedings{manivasagam2023towards,
  title={Towards Zero Domain Gap: A Comprehensive Study of Realistic {LiDAR} Simulation for Autonomy Testing},
  author={Manivasagam, Sivabalan and B{\^a}rsan, Ioan Andrei and Wang, Jingkang and Yang, Ze and Urtasun, Raquel},
  booktitle={ICCV},
  year={2023}
}

@inproceedings{rematas2022urban,
  title={Urban radiance fields},
  author={Rematas, Konstantinos and Liu, Andrew and Srinivasan, Pratul P and Barron, Jonathan T and Tagliasacchi, Andrea and Funkhouser, Thomas and Ferrari, Vittorio},
  booktitle={CVPR},
  year={2022}
}

@inproceedings{wang2023neural,
  title={Neural Fields meet Explicit Geometric Representations for Inverse Rendering of Urban Scenes},
  author={Wang, Zian and Shen, Tianchang and Gao, Jun and Huang, Shengyu and Munkberg, Jacob and Hasselgren, Jon and Gojcic, Zan and Chen, Wenzheng and Fidler, Sanja},
  booktitle={CVPR},
  year={2023}
}



@inproceedings{dosovitskiy2017carla,
  title={CARLA: An open urban driving simulator},
  author={Dosovitskiy, Alexey and Ros, German and Codevilla, Felipe and Lopez, Antonio and Koltun, Vladlen},
  booktitle={Conference on robot learning},
  year={2017},
  organization={PMLR}
}

@inproceedings{shah2018airsim,
  title={Airsim: High-fidelity visual and physical simulation for autonomous vehicles},
  author={Shah, Shital and Dey, Debadeepta and Lovett, Chris and Kapoor, Ashish},
  booktitle={International Conference on Field and Service Robotics},
  pages={621--635},
  year={2018},
  organization={Springer}
}

@inproceedings{yue2018lidar,
  title={A lidar point cloud generator: from a virtual world to autonomous driving},
  author={Yue, Xiangyu and Wu, Bichen and Seshia, Sanjit A and Keutzer, Kurt and Sangiovanni-Vincentelli, Alberto L},
  booktitle={ACM International Conference on Multimedia Retrieval},
  pages={458--464},
  year={2018}
}

@inproceedings{attal2021torf,
  title={T{\"o}rf: Time-of-flight radiance fields for dynamic scene view synthesis},
  author={Attal, Benjamin and Laidlaw, Eliot and Gokaslan, Aaron and Kim, Changil and Richardt, Christian and Tompkin, James and O'Toole, Matthew},
  booktitle={NeurIPS},
  year={2021}
}


@inproceedings{caccia2019deep,
  title={Deep generative modeling of lidar data},
  author={Caccia, Lucas and Van Hoof, Herke and Courville, Aaron and Pineau, Joelle},
  booktitle={IROS},
  year={2019},
  organization={IEEE}
}

@inproceedings{zyrianov2022learning,
  title={Learning to generate realistic lidar point clouds},
  author={Zyrianov, Vlas and Zhu, Xiyue and Wang, Shenlong},
  booktitle={ECCV},
  year={2022},
  organization={Springer}
}

@inproceedings{feng2023motionmag,
    author    = {Feng, Brandon Y. and AlZayer, Hadi and Rubinstein, Michael and Freeman, William T. and Huang, Jia-Bin},
    title     = {Visualizing Subtle Motions with Time-Varying Neural Fields},
    booktitle = {ICCV},
    year      = {2023},
  }


@inproceedings{pumarola2020d,
  title={D-nerf: Neural radiance fields for dynamic scenes},
  author={Pumarola, Albert and Corona, Enric and Pons-Moll, Gerard and Moreno-Noguer, Francesc},
  booktitle={Proceedings of the IEEE/CVF Conference on Computer Vision and Pattern Recognition},
  pages={10318--10327},
  year={2021}
}

@article{wu2022d,
  title={D\^{} 2NeRF: Self-Supervised Decoupling of Dynamic and Static Objects from a Monocular Video},
  author={Wu, Tianhao and Zhong, Fangcheng and Tagliasacchi, Andrea and Cole, Forrester and Oztireli, Cengiz},
  journal={Advances in Neural Information Processing Systems},
  volume={35},
  pages={32653--32666},
  year={2022}
}

@inproceedings{turki2023suds,
  title={SUDS: Scalable Urban Dynamic Scenes},
  author={Turki, Haithem and Zhang, Jason Y and Ferroni, Francesco and Ramanan, Deva},
  booktitle={Proceedings of the IEEE/CVF Conference on Computer Vision and Pattern Recognition},
  pages={12375--12385},
  year={2023}
}

@article{yang2023emernerf,
    title={EmerNeRF: Emergent Spatial-Temporal Scene Decomposition via Self-Supervision},
    author={Jiawei Yang and Boris Ivanovic and Or Litany and Xinshuo Weng and Seung Wook Kim and Boyi Li and Tong Che and Danfei Xu and Sanja Fidler and Marco Pavone and Yue Wang},
    journal={arXiv preprint arXiv:2311.02077},
    year={2023}
}
@article{gojcic2021weakly,
 author = {Gojcic, Zan and Litany, Or and Wieser, Andreas and Guibas, Leonidas J and Birdal, Tolga},
 journal = {CVPR 2021},
 title = {Weakly Supervised Learning of Rigid 3D Scene Flow},
 year = {2021}
}
@article{park2021hypernerf,
  author = {Park, Keunhong and Sinha, Utkarsh and Hedman, Peter and Barron, Jonathan T. and Bouaziz, Sofien and Goldman, Dan B and Martin-Brualla, Ricardo and Seitz, Steven M.},
  title = {{HyperNeRF}: A Higher-Dimensional Representation for Topologically Varying Neural Radiance Fields},
  journal = {ACM Transactions on Graphics},
  issue_date = {December 2021},
  publisher = {ACM},
  volume = {40},
  number = {6},
  month = {dec},
  year = {2021},
  articleno = {238},
}

@inproceedings{park2021nerfies,
    booktitle = {ICCV},
    author = {Keunhong Park and Utkarsh Sinha and Jonathan T. Barron and Sofien Bouaziz and Dan B Goldman and Steven M. Seitz and Ricardo Martin-Brualla},
    title = {Nerfies: Deformable Neural Radiance Fields},
    year = {2021}
   }

@InProceedings{li2020neural,
  title={Neural Scene Flow Fields for Space-Time View Synthesis of Dynamic Scenes},
  author={Li, Zhengqi and Niklaus, Simon and Snavely, Noah and Wang, Oliver},
  booktitle = {CVPR},
  year={2021}
}

@inproceedings{attal2023hyperreel,
  title     = {{HyperReel}: High-Fidelity {6-DoF} Video with Ray-Conditioned Sampling},
  author    = {Attal, Benjamin and Huang, Jia-Bin and Richardt, Christian and Zollhoefer, Michael and Kopf, Johannes and O'Toole, Matthew and Kim, Changil},
  booktitle = {CVPR},
  year      = {2023},
  arxiv     = {2301.02238},
}

@inproceedings{liu2023robust,
  author    = {Liu, Yu-Lun and Gao, Chen and Meuleman, Andreas and Tseng, Hung-Yu and Saraf, Ayush and Kim, Changil and Chuang, Yung-Yu and Kopf, Johannes and Huang, Jia-Bin},
  title     = {Robust Dynamic Radiance Fields},
  booktitle = {CVPR},
  year      = {2023}
}

@inproceedings{KunduCVPR2022PNF,
  title = {Panoptic Neural Fields: A Semantic Object-Aware Neural Scene Representation},
  author = {Kundu, Abhijit and Genova, Kyle and Yin, Xiaoqi and Fathi, Alireza and Pantofaru, Caroline and Guibas, Leonidas and Tagliasacchi, Andrea and Dellaert, Frank and Funkhouser, Thomas},
  booktitle = {CVPR},
  year = {2022},
}

@InProceedings{kangle2021dsnerf,
    author    = {Deng, Kangle and Liu, Andrew and Zhu, Jun-Yan and Ramanan, Deva},
    title     = {Depth-supervised {NeRF}: Fewer Views and Faster Training for Free},
    booktitle = {CVPR},
    year      = {2022}
}

@inproceedings{huang2022dynamic,
  title={Dynamic 3D Scene Analysis by Point Cloud Accumulation},
  author={Shengyu Huang and Zan Gojcic and Jiahui Huang and Andreas Wieser, Konrad Schindler},
  booktitle={ECCV},
  year={2022}
}

@inproceedings{fridovich2022plenoxels,
  title={Plenoxels: Radiance fields without neural networks},
  author={Fridovich-Keil, Sara and Yu, Alex and Tancik, Matthew and Chen, Qinhong and Recht, Benjamin and Kanazawa, Angjoo},
  booktitle={CVPR},
  year={2022}
}


@inproceedings{yuan2021star,
  title={Star: Self-supervised tracking and reconstruction of rigid objects in motion with neural rendering},
  author={Yuan, Wentao and Lv, Zhaoyang and Schmidt, Tanner and Lovegrove, Steven},
  booktitle={CVPR},
  year={2021}
}

@inproceedings{hahner2021fog,
  title={Fog Simulation on Real {LiDAR} Point Clouds for 3D Object Detection in Adverse Weather},
  author={Hahner, Martin and Sakaridis, Christos and Dai, Dengxin and {Van Gool}, Luc},
  booktitle={CVPR},
  year={2021}
}

@inproceedings{hahner2022lidar,
  title={{LiDAR} Snowfall Simulation for Robust 3D Object Detection},
  author={Hahner, Martin and Sakaridis, Christos and Bijelic, Mario and Heide, Felix and Yu, Fisher and Dai, Dengxin and Van Gool, Luc},
  booktitle={CVPR},
  year={2022}
}

@inproceedings{sun2020scalability,
  title={Scalability in perception for autonomous driving: {Waymo} open dataset},
  author={Sun, Pei and Kretzschmar, Henrik and Dotiwalla, Xerxes and Chouard, Aurelien and Patnaik, Vijaysai and Tsui, Paul and Guo, James and Zhou, Yin and Chai, Yuning and Caine, Benjamin and others},
  booktitle={CVPR},
  year={2020}
}

@article{tagliasacchi2022volume,
  title={Volume rendering digest (for nerf)},
  author={Tagliasacchi, Andrea and Mildenhall, Ben},
  journal={arXiv preprint arXiv:2209.02417},
  year={2022}
}

